4150 6250
158 357 215 420 765
838 348 940 408 LIBER
961 346 1100 409 PRIMUS.
1751 344 1804 403 tta

158 481 248 540 nitaiis
263 478 353 537 terror
366 475 533 533 adsciscitur.
558 472 613 529 Cur
623 472 686 529 tuna
704 485 813 541 semper
827 468 854 524 in
873 475 949 523 motu
966 462 1054 527 Artos
1068 469 1179 533 sponte,
1194 473 1227 517 an
1238 474 1299 516 cum
1314 458 1379 529 ipsis
1395 460 1452 512 sata
1467 455 1502 513 sit
1515 464 1542 515 et
1553 464 1693 527 procreata
1711 458 1802 517 risos

159 572 295 633 indemnis
316 571 434 627 creditur
451 565 609 625 animalibus
626 565 714 622 annisis
736 562 824 619 iucem
847 573 954 631 semper
1007 556 1099 621 ribam
1130 551 1225 609 mortis
1249 550 1382 623 particeps
1403 546 1503 619 degat,
1527 561 1561 601 aa
1587 548 1796 609 immortalitatis

159 677 242 738 atque
256 664 448 721 obscuritatem
463 675 613 718 resumens.
627 654 788 713 duintaiium
804 654 880 725 origo
893 669 953 723 aum
1007 645 1183 720 perpetuitate
1200 646 1298 700 donata
1311 643 1355 698 sit.
1372 641 1422 711 Qui
1436 651 1522 696 statos
1536 655 1587 695 nos
1598 650 1721 709 maneat,
1736 659 1798 703 autu

50 810 58 817 .
159 761 215 825 sit,
230 756 350 814 rationes
363 766 429 825 troas
447 753 563 809 habeant
581 750 695 807 semina.
716 748 781 819 Quis
797 747 884 818 ipsum
904 743 955 798 iin-
1006 740 1144 797 dissolutis
1157 739 1302 794 abierimus
1314 751 1329 791 a
1343 735 1484 791 membris.
1501 732 1627 793 tis-ortae
1639 750 1689 793 uos
1701 735 1797 806 simus,

158 853 230 909 xerit
254 848 406 909 homiuem,
430 847 491 918 quis
515 841 683 905 iniormarit,
710 840 752 896 rei
775 856 809 895 ert
833 837 955 893 materiae
1006 850 1040 890 an
1056 833 1212 890 memoriam
1227 829 1325 885 aritiam
1345 828 1430 885 nostri
1448 841 1544 885 sensus
1559 835 1587 881 ct
1606 827 1805 885 recordatiouis

161 960 216 1019 qno
228 959 325 1016 genere
340 938 568 996 canistros-tionem
582 936 666 1008 ipsam
679 932 879 991 coniirmarerit
893 945 955 985 cor·
1007 923 1134 983 habitari.
1159 924 1208 995 Qui
1221 922 1399 995 arrogantiam
1423 919 1585 975 constrinxit
1598 927 1611 957 ⁸
1623 930 1755 989 nostrsm,
1779 931 1808 979 st

161 1051 270 1111 porum.
288 1032 356 1104 Quid
372 1026 402 1086 dt
415 1044 521 1097 sensus,
535 1027 599 1100 qnid
614 1026 715 1092 anima,
731 1021 864 1081 adnotarit
876 1036 909 1077 ne
922 1019 956 1076 ad
1009 1020 1095 1076 elatas
1107 1017 1252 1089 supercitia
1263 1015 1383 1075 ceruices
1393 1011 1501 1073 modurn
1516 1010 1581 1077 iecit
1592 1025 1650 1071 stre
1663 1011 1804 1079 infirmita-

779 1131 972 1197 tucttottta's
991 1131 1198 1206 Vbssibiiids,

194 1262 383 1333 immugit.
402 1257 461 1317 sat.

835 1374 1117 1446 uuuttunratittts'.

200 1508 252 1567 Car
265 1509 328 1566 tana
345 1525 445 1580 semper
458 1507 485 1563 in
500 1517 569 1563 arata
583 1496 709 1562 indemnis
722 1506 843 1567 meditor,
858 1504 958 1558 am'ma-
1009 1520 1045 1563 ne
1063 1503 1173 1559 verinum
1189 1503 1297 1572 quidem
1316 1498 1430 1571 dixerat,
1446 1498 1483 1559 iiii
1498 1491 1680 1571 aiiotterttnts
1708 1494 1798 1577 quatis

164 1582 231 1639 naas
244 1583 327 1637 causis
340 1581 420 1635 tricem
433 1590 531 1649 seraper
544 1590 618 1649 atquc
628 1574 805 1632 obscuritatem
819 1582 958 1632 resnnrenr.
1011 1569 1090 1631 Piato
1104 1570 1218 1630 Socrati.
1237 1570 1339 1631 Oneon.

163 1654 201 1710 ita
216 1654 326 1723 pinrimi
347 1652 478 1717 editores,
492 1662 630 1723 pncetrme
642 1650 766 1705 (intentu.
785 1647 853 1703 iod.
868 1660 919 1701 ms.
933 1655 961 1701 et
1050 1647 1113 1712 Qstt
1127 1644 1282 1718 informarit.
1302 1647 1447 1720 irtsornaate
1459 1636 1528 1702 itiem
1544 1642 1614 1716 nitori
1630 1646 1741 1717 simplas
1752 1646 1805 1718 sar·

162 1727 247 1782 editio
273 1725 398 1794 princeps
420 1738 531 1778 romana
556 1722 655 1776 babet:
671 1737 771 1789 semper
791 1720 819 1773 in
838 1729 908 1773 mata
931 1733 963 1771 rte
976 1719 1000 1779 Β
1014 1730 1093 1772 marr.
1108 1718 1146 1774 iti
1162 1714 1324 1786 instantius,
1341 1718 1375 1772 de
1386 1718 1482 1785 Opiiir.
1501 1720 1556 1785 Dei,
1570 1730 1620 1790 cop
1639 1712 1656 1774 B
1672 1737 1679 1772 r
1696 1717 1747 1771 iias
1759 1718 1808 1789 ipi-

162 1799 220 1868 pnis
243 1797 368 1862 creditor,
395 1805 461 1860 etc,
487 1809 566 1869 qttnm
591 1791 733 1849 tectionem
761 1790 962 1845 vitiosissimum

161 1866 248 1923 rariis
270 1862 357 1922 modis
372 1872 508 1922 tenuram
528 1866 700 1934 interpretes.
717 1863 813 1919 stene-
824 1848 853 1915 h.
868 1860 922 1929 teg.
936 1860 963 1912 in

162 1950 244 2002 mma,
257 1938 286 1993 td
300 1949 347 2000 ιιι,
359 1938 457 2009 marin
470 1928 594 2004 creditor,
604 1946 657 1990 ete.
668 1933 746 1988 i'utr.
759 1933 849 1988 tirsttr.
864 1932 964 2008 identtac

162 2013 232 2066 ordis
253 2010 380 2076 redditur,
403 2018 456 2062 etc.
472 2008 603 2062 iictnsuis
622 2007 687 2061 ideis
707 2006 777 2058 naris
791 2003 914 2067 creditur,
937 1999 964 2055 td

162 2091 205 2137 est
220 2083 320 2150 foratis.
338 2081 460 2151 faciebas.
478 2079 574 2134 Editor
588 2077 673 2147 Lugd.
689 2072 760 2139 bat,
774 2074 858 2128 'tanturn
875 2072 963 2127 iocum

162 2155 203 2209 sic
217 2152 326 2222 refingit
340 2170 348 2205 ι
364 2150 417 2206 Car
440 2151 502 2204 inno
524 2164 623 2217 semper
646 2149 674 2202 in
696 2147 789 2202 mutuis
813 2128 913 2198 tisntnis
933 2146 964 2198 ai

163 2226 309 2290 marcatis,
324 2222 479 2277 annualibus
492 2222 586 2286 causis,
603 2219 642 2292 (id
665 2222 707 2273 eit
720 2223 830 2287 pratuter
851 2219 963 2279 aritiam,

163 2296 198 2351 ati
220 2311 320 2350 annum
344 2293 555 2362 conficiendum)
577 2292 658 2347 turem
684 2305 794 2358 semper,
822 2300 874 2343 etc.
899 2285 965 2353 Qirae

164 2368 321 2423 emendatio
333 2377 424 2434 aptum
440 2365 546 2436 tptidsm
561 2377 671 2418 sensum
688 2362 800 2429 praebet,
816 2358 864 2417 sed
878 2357 963 2410 auda·

164 2439 275 2494 etsstma
294 2446 335 2493 est
355 2444 384 2491 et
405 2438 486 2489 nimis
508 2446 609 2489 remota
623 2450 638 2487 a
653 2433 767 2487 tectione
789 2428 850 2485 cod.
867 2444 918 2483 ms.
936 2428 965 2485 Si

163 2509 228 2577 auid
237 2506 337 2563 ettttihi
347 2510 452 2562 tentare
462 2506 537 2571 iicet,
546 2501 670 2574 canitiem
681 2498 804 2572 proiciens
813 2515 844 2554 ne
854 2500 886 2557 is.
899 2506 964 2566 etc,

163 2579 307 2651 legendum
319 2578 483 2648 cottJecerrm
491 2576 518 2631 in
527 2574 641 2631 terdenis
649 2572 744 2628 natm
757 2566 883 2635 redditam·
889 2568 916 2625 id
925 2579 966 2626 est

164 2648 330 2707 restituitur.
344 2649 503 2707 Sintiitimus
515 2648 591 2702 iocus
601 2644 670 2716 inira
681 2644 730 2699 lib.
745 2656 784 2709 rt,
796 2656 822 2698 c.
835 2643 878 2696 tu.
892 2639 966 2694 Isana

164 2732 269 2792 semper
282 2722 310 2776 in
323 2723 393 2775 maia
408 2724 455 2785 eri,
477 2730 499 2773 et
515 2730 552 2773 ter
564 2716 643 2772 denas
662 2715 740 2787 iactes
759 2720 786 2767 in
810 2713 968 2768 restitutione

163 2795 258 2865 accipit
278 2800 417 2848 menstrua.
432 2790 506 2845 idem
520 2807 552 2844 ne
565 2791 588 2844 is
601 2797 693 2843 astum
714 2785 821 2841 ridetur
833 2786 868 2837 ab
882 2784 967 2837 inscio

163 2865 278 2920 librario
290 2865 316 2918 irt
336 2872 373 2917 ter
388 2862 460 2918 denir
472 2862 506 2917 ab
527 2862 580 2917 aiio
600 2862 729 2914 dictatam
747 2858 815 2910 tuate
829 2855 966 2910 audiente.

163 2936 291 2992 Cetertrm
306 2945 335 2991 ut
349 2946 432 2989 totum
447 2933 519 2991 bunc
533 2931 620 2987 iocum
631 2946 645 2982 a
657 2924 767 2985 verbis:
781 2924 855 2983 Uinde
867 2926 967 2996 ipnidas

164 3009 239 3074 sotis,
253 3018 307 3062 etc.
324 2998 457 3075 usquead
478 3002 560 3059 uerira
579 3003 758 3056 obscuritatem
772 3014 901 3053 resumens
916 3000 966 3067 pu-

164 3092 219 3135 tem
243 3077 396 3140 Giossenta,
412 3076 484 3148 uttod
497 3090 513 3131 e
527 3076 659 3145 atarpine,
685 3072 730 3128 ubi
751 3070 851 3126 sciolus
871 3068 968 3139 aliquis

90 3205 99 3213 ,
164 3151 292 3206 librarius
302 3151 467 3220 quaestiones
477 3146 603 3218 physicas
617 3143 808 3214 adscripserit,
825 3144 851 3194 itt
866 3149 967 3195 tertam

163 3223 286 3293 irrepsit,
311 3223 374 3275 iacit
394 3218 527 3288 imprimis
544 3215 703 3272 indicativus
718 3215 891 3267 adscitur.....
909 3214 971 3266 red·

165 3296 237 3347 ditur
260 3294 350 3347 atiena
376 3292 437 3344 irtio
461 3288 572 3360 parsittts.
598 3287 664 3342 Natu
691 3284 899 3364 atttecctientin;
909 3300 969 3406 Zao

167 3375 241 3435 putre
255 3363 367 3417 maridas
381 3364 413 3417 sii
428 3363 589 3422 constitutas,
604 3373 680 3428 tuque
694 3374 725 3411 uc
738 3367 895 3425 sequentur,

164 3436 272 3491 utaiium
284 3434 358 3504 oripo
371 3449 428 3506 pnoe
442 3433 484 3497 n‘t,
503 3431 593 3500 procui
613 3431 695 3484 dnitio
708 3427 907 3495 conjunctivum
922 3425 970 3480 ila·

165 3510 262 3576 attam.
285 3507 352 3574 Quas
372 3515 531 3576 sequnntur,
554 3500 707 3555 driinratibna
727 3498 904 3562 constantini
928 3497 971 3551 ui-

933 3356 972 3408 nt'·

1014 1799 1056 1843 tar
1068 1806 1142 1843 onrcs
1145 1826 1300 1845 ......
1322 1789 1402 1845 nutriit
1417 1789 1486 1844 Deus
1496 1792 1590 1859 artifex
1604 1790 1721 1845 meiiidus
1732 1791 1807 1855 tratti·

1014 1859 1078 1916 cotis
1098 1860 1258 1932 informare,
1286 1860 1330 1917 ubi
1349 1861 1409 1917 ride
1432 1861 1598 1917 Bnttcmnnn.
1611 1877 1702 1987 ,Operm
1729 1860 1809 1917 titt.

1645 1947 1721 1988 nott.

1051 2000 1253 2071 (isttfirmabcrii.
1269 2000 1346 2060 rati.
1371 2004 1484 2061 Ursinus
1498 1994 1570 2075 dotti.
1591 1998 1809 2076 conformaverit,

1015 2074 1146 2145 probante
1174 2075 1290 2130 iiettrsio
1304 2086 1331 2132 et
1344 2076 1507 2132 Stewocitio.
1528 2076 1580 2131 Sed
1597 2084 1703 2143 ptrtestat
1717 2078 1811 2143 confir·

1015 2158 1095 2200 more.
1111 2143 1177 2200 Natit
1192 2149 1354 2217 conformare
1370 2165 1463 2217 carpas
1484 2159 1559 2204 reete
1573 2147 1679 2215 rpuirieru
1695 2148 1809 2216 tiicitttr,

1015 2232 1069 2271 non
1089 2230 1178 2272 autern
1194 2221 1403 2274 constructionem
1421 2219 1535 2288 corporis
1556 2214 1740 2288 rottsormare.
1763 2218 1811 2274 sed
1862 2234 1870 2253 ⁹

1016 2289 1170 2354 confirmare
1183 2330 1190 2353 ,
1205 2289 1258 2344 itoe
1271 2299 1313 2345 est
1332 2292 1404 2345 ontni
1425 2305 1458 2345 ex
1478 2286 1552 2360 paiie
1568 2286 1683 2355 iirtttam,
1698 2286 1810 2346 ‘solidam

1016 2359 1141 2416 reddere.
1158 2358 1226 2426 bato
1238 2362 1308 2430 quod
1323 2362 1517 2435 conformaverit
1527 2376 1588 2415 cnm
1601 2361 1761 2429 praecedenti
1773 2363 1813 2415 in·

1015 2433 1163 2503 [cantatorii
1184 2433 1392 2501 ittpratissirnam
1421 2431 1542 2487 citiceret
1566 2432 1750 2501 tautologiam.
1778 2431 1813 2488 Et

1016 2500 1128 2567 omnino
1149 2501 1201 2557 duo
1222 2503 1369 2560 timererba
1392 2503 1540 2569 saepissime
1569 2502 1770 2559 contunduntur
1784 2504 1810 2557 iu

1017 2570 1080 2628 ttss.
1096 2572 1154 2628 bid.
1171 2572 1271 2641 Grion,
1286 2572 1319 2629 ad
1331 2574 1387 2631 (iic.
1398 2574 1484 2643 Epist.
1496 2574 1529 2629 ad
1544 2574 1619 2629 Fam.
1636 2572 1808 2635 utitinam.

1052 2643 1093 2698 An
1106 2662 1163 2699 cum
1174 2644 1236 2716 ipsis
1251 2655 1306 2701 rata
1315 2648 1347 2702 rit
1360 2646 1506 2714 uisceribns,
1515 2646 1540 2702 iti
1554 2659 1594 2702 est
1614 2647 1736 2718 cumipse
1750 2662 1808 2701 car·

1018 2732 1090 2788 porc,
1101 2726 1131 2771 ut
1144 2731 1209 2788 saep.
1225 2713 1326 2775 Onstd.

1059 2785 1178 2842 Visnriue
1192 2805 1237 2842 aar
1247 2791 1327 2846 sinsus
1329 2825 1488 2846 ......
1508 2807 1542 2845 art
1550 2790 1698 2847 anemonen
1710 2786 1810 2848 nausa

1019 2861 1099 2941 nostri
1123 2870 1260 2986 censumar
1283 2860 1605 2945 recordationistdadituri.
1619 2862 1656 2917 ita
1671 2862 1811 2931 tacendum

1018 2926 1814 3077 atttriti..{tinitinttitittttristitiis

1020 3080 1081 3127 nain
1100 3074 1144 3140 sit,
1167 3074 1237 3145 qnod
1252 3072 1329 3156 piane
1343 3075 1415 3132 idem
1427 3087 1515 3139 osset.
1530 3078 1601 3147 quoti
1618 3080 1709 3134 arietari
1721 3078 1811 3134 sintita.

1031 3135 1121 3199 Vitiare
1136 3157 1224 3201 autem
1235 3143 1333 3202 dieitur
1348 3157 1391 3218 up.
1407 3131 1517 3204 Latittos
1530 3149 1564 3204 de
1575 3151 1647 3205 omni
1670 3165 1769 3215 setiam
1786 3157 1815 3205 ιιι

1023 3215 1157 3286 siginides-t
1181 3219 1290 3283 resitire,
1313 3236 1483 3291 tepraeesse,
1504 3227 1533 3275 tit
1546 3233 1606 3275 curu
1619 3221 1725 3276 dicatur
1740 3242 1746 3275 :
1760 3221 1815 3275 ride
1872 3231 1879 3244 ¹

1023 3289 1085 3356 qnid
1097 3299 1177 3350 sanet,
1191 3290 1249 3346 arde
1266 3289 1330 3358 auid
1350 3291 1417 3346 oteut
1432 3327 1440 3355 ,
1455 3292 1519 3362 auid
1528 3295 1621 3362 sapiat,
1633 3301 1709 3364 partin
1724 3293 1814 3347 tiurtun

1022 3360 1066 3414 sit.
1082 3355 1139 3414 tid.
1148 3358 1176 3415 S.
1188 3355 1342 3430 stigando,
1353 3365 1485 3428 (Ionicos,
1503 3363 1547 3426 titi.
1560 3381 1588 3429 x,
1599 3384 1623 3418 r.
1635 3366 1681 3428 on
1697 3376 1723 3418 et
1732 3365 1814 3419 Gorte

1022 3432 1056 3484 ati
1080 3431 1191 3487 Saliunt.
1206 3434 1296 3498 cittii..
1313 3450 1337 3488 c.
1360 3436 1406 3497 tu.
1424 3451 1483 3503 pag.
1494 3435 1557 3492 att.
1582 3435 1659 3492 Verte
1673 3437 1766 3506 igitur.
1783 3436 1814 3489 air

1023 3504 1069 3555 ruir
1087 3504 1164 3572 (uticii
1179 3505 1236 3557 dem
1252 3497 1334 3578 i'ode)
1348 3506 1413 3560 nocti
1429 3507 1572 3574 entpdnden
1588 3549 1595 3572 ‚
1615 3509 1677 3562 ader
1690 3506 1813 3572 adtritas,

166 3579 267 3633 cientur
281 3571 433 3631 sanissima.
452 3573 550 3630 ieritiu
563 3577 672 3628 scttsutu
688 3586 721 3625 es
734 3581 809 3640 parte
824 3585 892 3622 nnus
906 3568 972 3624 vidit
1023 3570 1199 3646 Betunsstrrpn
1214 3575 1259 3630 der
1281 3575 1457 3648 Erttpfiadunp
1471 3579 1524 3632 sad
1541 3577 1702 3649 enarrata,
1719 3579 1815 3631 andro·

167 3648 306 3707 Steuicb.
330 3648 460 3701 datantes
473 3643 558 3699 tanrd
578 3643 641 3698 sunt
660 3657 749 3697 cause
768 3641 903 3707 anitnatae,
921 3640 971 3694 im-

164 3724 260 3790 pntsus
274 3719 315 3774 ris
332 3718 471 3784 cttinsttant
486 3718 526 3772 'ret
541 3722 643 3770 natutae
661 3713 847 3782 intoiiigctttis,
863 3711 970 3836 ruralem

163 3793 230 3855 soii,
246 3792 315 3845 tune
329 3794 489 3856 caeterisque
512 3788 648 3841 sideribus
670 3785 849 3838 attribuerunt
884 3785 968 3836 'roien

164 3864 300 3926 stoinetts,
322 3861 426 3932 Ecittgr,
441 3861 460 3915 Ι.
477 3875 495 3924 t,
509 3874 533 3913 c.
548 3853 585 3914 26
600 3876 606 3913 :
622 3862 702 3916 Zr‘rrom
716 3857 757 3910 τὸν
770 3854 835 3913 ἥλιόν
849 3876 911 3928 φησι
930 3859 970 3909 καὶ

163 3941 210 3996 τήν
223 3934 327 3993 erimar
344 3936 385 3988 mi
403 3939 452 3987 τῶν
471 3929 549 3987 ἄλλων
563 3927 666 4005 ἄστρων
688 3927 796 3982 ἕκαστον
815 3920 875 3982 εἶναι
888 3927 970 4000 νοερὸν

163 4009 208 4062 zai
227 4005 344 4081 ’γρῶιμοιι
358 4008 400 4058 καὶ
421 4007 534 4079 πύρινον,
550 4003 632 4077 πυρὸς
645 4003 800 4072 tetrartum).
815 3989 968 4065 Aitgustitt„

164 4079 199 4132 rie
221 4079 302 4132 titrit.
318 4078 376 4139 itei,
400 4088 436 4141 tr,
459 4075 503 4130 tt.
528 4072 622 4126 iiicrant
646 4070 751 4142 (sinici)
776 4069 862 4121 otnnia
884 4064 969 4122 sidera

165 4153 252 4216 partes
265 4135 339 4201 iouis
353 4159 417 4210 esse,
439 4154 463 4200 et
482 4145 567 4198 anania
583 4143 665 4197 ‘ttinere
676 4153 750 4211 atquc
761 4137 899 4192 rationaier
911 4142 970 4193 nni-

164 4236 220 4273 mas
234 4218 338 4282 babae,
351 4228 374 4270 et
387 4219 445 4271 ideo
463 4219 517 4271 sine
529 4214 701 4268 controuersia
715 4210 782 4266 Deos
799 4226 862 4275 esre,
875 4223 901 4264 et
913 4209 966 4264 int·

164 4291 261 4362 primis
276 4289 333 4344 tui.
354 4288 485 4342 Firnticos
505 4286 630 4351 idatios,
647 4283 693 4338 lib.
711 4298 728 4352 ι,
745 4300 770 4338 c.
787 4283 804 4336 ὅ
822 4284 860 4351 (p.
878 4281 905 4349 7,
922 4281 966 4336 eti.

166 4359 317 4426 Proitneri.
333 4358 433 4413 Habent
449 4359 515 4413 enirn
533 4357 614 4412 uetita
627 4358 761 4427 propriant
774 4363 886 4419 sensum,
901 4351 967 4408 diri·

164 4441 276 4503 aomaae
289 4432 463 4501 prudentiam,
480 4446 540 4482 nom
550 4446 614 4497 puro
627 4428 766 4482 diuinitatis
776 4426 896 4479 animatur
907 4441 968 4480 cort·

1022 3661 1067 3698 ren
1086 3649 1178 3700 werde.
1192 3643 1294 3704 Oneon.
1312 3648 1408 3702 ituatur
1423 3650 1529 3717 nuidenr
1545 3660 1595 3713 est,
1610 3648 1716 3704 ridendi
1733 3649 1814 3704 verta

1022 3719 1056 3770 ab
1069 3733 1163 3772 omnes
1177 3735 1272 3772 senisu,
1289 3719 1381 3774 referri
1397 3735 1475 3789 pinse
1487 3760 1495 3787 ,
1509 3732 1639 3788 tpnoternts
1651 3720 1740 3774 omnis
1750 3720 1814 3774 sert·

1022 3787 1092 3843 satio
1112 3789 1347 3844 auitnatirersiotte
1375 3790 1537 3846 ctnttittetur.
1560 3791 1633 3847 titittt
1652 3793 1686 3844 tie
1712 3790 1761 3844 itae
1785 3801 1814 3844 re

1022 3873 1201 3924 ιιιοιιιιιιιιιιις
1226 3861 1307 3918 etiam
1332 3862 1436 3917 Ernesti
1458 3862 1491 3914 ati
1506 3862 1661 3918 Caiiinmcit.
1678 3861 1774 3933 iiymn.
1786 3860 1813 3916 itt

1022 3927 1123 3999 bpoii„
1139 3946 1209 3986 vers.
1224 3933 1253 3988 d.
1276 3932 1400 4003 Setinum
1413 3934 1536 4002 exempta
1551 3932 1707 3998 adorantur,
1725 3935 1813 4000 piera-

1020 4019 1074 4072 que
1087 4005 1177 4058 onmia
1191 4003 1324 4073 ejusmodi
1337 4015 1410 4068 suot,
1425 4014 1452 4059 nt
1462 4005 1616 4073 adparatum
1628 4007 1741 4059 ittitteant
1753 4007 1813 4059 oei·-

1022 4082 1076 4127 tnm
1092 4089 1175 4146 pertus
1189 4089 1327 4142 sertorium,
1344 4089 1397 4145 quo
1412 4076 1524 4132 uerbum
1536 4076 1599 4131 tttau
1614 4074 1747 4136 retertur,
1765 4089 1814 4130 trec

1021 4145 1106 4200 uidere
1120 4135 1279 4230 sirttpliciter
1295 4146 1412 4216 pasitintr.
1433 4145 1514 4216 Atqtti
1530 4146 1671 4202 iidetidttm
1681 4156 1738 4211 est,
1749 4151 1814 4202 nttrit

1020 4218 1084 4271 tatia
1098 4229 1265 4285 repertantur
1284 4219 1423 4290 ctetnpia.
1441 4219 1484 4275 uiri
1507 4219 1592 4272 ridere
1611 4233 1664 4273 non
1687 4217 1754 4272 batte
1768 4228 1815 4274 aut

1019 4286 1092 4366 ittam
1108 4303 1233 4344 sensuum
1249 4299 1362 4358 partem.
1377 4291 1440 4355 sed,
1463 4300 1492 4344 ut
1505 4290 1556 4344 itae
1570 4290 1646 4357 tom,
1658 4287 1815 4356 sitnpiicitor

1020 4360 1172 4415 otrirersam
1184 4361 1316 4417 sentiendi
1331 4364 1383 4416 rim
1394 4363 1594 4432 corripiectatur.
1608 4361 1741 4417 Ocurura.

1058 4423 1149 4485 idiotas
1162 4433 1301 4501 supercitia
1312 4433 1430 4489 cancer.
1451 4434 1565 4488 ceruices
1580 4434 1669 4489 taiiere
1682 4434 1813 4503 superbo·

164 4515 251 4574 septa,
262 4518 366 4586 'summo
379 4500 429 4566 itti,
444 4517 474 4554 nc
487 4500 580 4575 rectori
595 4500 659 4563 Deo,
676 4499 719 4567 qni
739 4499 825 4580 ottrnio
839 4507 968 4583 perpetue
980 4536 1006 4595 D
1019 4518 1079 4558 rum
1094 4512 1157 4558 est:
1175 4516 1279 4567 etratra,
1295 4506 1425 4575 quidese
1441 4506 1561 4570 putruisse
1575 4507 1705 4568 serarium,
1722 4507 1815 4560 dicun.

164 4575 227 4647 lepis
239 4575 408 4644 dispositione
419 4581 572 4640 composuit.
588 4571 623 4624 ad
644 4581 762 4639 peraratas
785 4571 967 4638 procreationis
1020 4583 1063 4629 tur
1079 4575 1150 4642 stam
1164 4587 1189 4629 et
1202 4577 1295 4645 planos
1308 4578 1445 4632 sefacere.
1457 4575 1584 4647 Cypriam.
1595 4576 1629 4631 tie
1642 4575 1812 4632 transmissae:

164 4646 361 4701 custodientium
385 4646 510 4710 ordinent,
533 4642 735 4714 infatiaadiiibas
760 4640 967 4695 conmnsiottiirus

165 4721 351 4788 obsequuntur.
374 4717 459 4783 Quarti
481 4713 642 4768 sententiam
664 4712 743 4766 ctiam
768 4713 899 4780 primores
918 4712 968 4766 Pa-

166 4800 236 4843 troni
251 4789 350 4851 secuti,
367 4799 396 4840 ut
421 4787 556 4840 drirooios
571 4784 622 4838 boo
636 4787 696 4838 ioco
710 4793 737 4839 et
755 4785 895 4852 urigeites,
911 4783 967 4851 pai,

166 4869 235 4914 teste
249 4857 414 4928 iiieronymo
431 4857 514 4923 b'pist.
527 4856 559 4909 rtd
573 4856 677 4910 avitum
692 4855 738 4916 59,
754 4855 815 4907 ratis
828 4863 851 4907 et
866 4853 967 4908 tuismet

164 4930 300 4985 steiiarum
314 4932 414 4983 animas
426 4928 540 4998 nouauit,
552 4942 630 4996 neque
639 4943 668 4980 eo
681 4934 764 4979 tamen
781 4937 903 4995 ternpore,
916 4939 966 4994 qno

165 5001 276 5055 mundns
289 5003 373 5069 [actus
387 5009 433 5064 est,
455 5014 510 5052 erre
531 5000 647 5065 cepisse,
663 4996 707 5051 red
720 5007 855 5067 aritepaatn
878 4995 966 5051 iacens

164 5072 241 5138 tuac,
258 5083 282 5125 et
296 5072 390 5125 ardens
407 5081 501 5137 corpas
522 5071 655 5124 intrarent.
673 5068 721 5123 iiie
741 5082 848 5123 veteres
870 5073 965 5125 nstro·

166 5143 229 5214 iogi,
246 5142 321 5199 serbi
333 5156 425 5206 causa,
441 5140 576 5206 diatriiius,
592 5140 739 5195 dixerunt:

620 5253 720 5306 Conscia
731 5252 775 5304 tati

247 5320 335 5372 Sidera
343 5320 454 5372 diversos
462 5319 587 5370 bominum
600 5321 717 5368 variantia
728 5330 808 5367 casus.

166 5453 199 5510 t.
211 5449 319 5524 Lisips.
338 5449 372 5507 de
392 5451 546 5524 Pirpsioiog.
568 5450 662 5518 Stoic,
684 5449 730 5504 iib.
746 5465 775 5515 ιι,
786 5449 895 5504 dissert.
910 5451 962 5518 ii,

166 5523 261 5596 Opem,
277 5541 303 5597 p.
320 5525 373 5581 953
387 5540 439 5594 sip,
451 5521 551 5590 raian,
563 5523 605 5578 ed.
625 5519 854 5576 inscienternm
866 5524 964 5578 miratu

167 5597 211 5652 cui
229 5593 312 5651 rideri
327 5597 421 5663 possit,
438 5610 486 5650 cur
499 5595 633 5650 Artiatbitts
650 5592 676 5646 it.
695 5591 712 5645 Ι.
727 5592 861 5647 Christum
875 5595 909 5648 tie
921 5610 964 5648 rc-

167 5669 218 5724 bus
233 5668 351 5740 pinastris
361 5679 388 5722 et
403 5670 529 5722 tueteuris
542 5666 683 5721 tiocentetn
699 5663 843 5718 itttittncrtt.
856 5666 887 5721 Αι
901 5664 964 5722 iecit

167 5739 218 5794 itae
240 5755 314 5794 roure
333 5740 478 5793 mtrttorurn
504 5735 631 5792 uertens.
649 5737 963 5804 ratiocinandorum

167 5811 291 5868 Soterem
308 5822 443 5880 tatntpuatn
466 5807 553 5863 omnis
577 5809 714 5876 sortientia·
728 5805 826 5862 ditium
838 5824 914 5877 aetpue
931 5824 964 5864 aa

168 5885 294 5940 numana
316 5884 471 5953 magistrum
486 5879 710 5951 repraesentantes
722 5879 802 5946 tatia,
822 5879 857 5936 de
867 5879 963 5949 qartus

1019 4647 1139 4701 ceruicem
1149 4648 1235 4718 stertat
1246 4649 1359 4719 superii.
1377 4646 1510 4713 Lrtctaut..
1522 4648 1568 4702 iiii.
1582 4664 1609 4715 v,
1623 4665 1646 4702 c.
1662 4648 1698 4703 25
1714 4665 1721 4703 ε
1740 4646 1814 4702 idem

1019 4718 1085 4773 atad
1105 4719 1570 4789 tumarisatqueinsoierttioepercns,
1599 4737 1650 4773 non
1675 4719 1813 4774 estoititst

1018 4789 1107 4854 attius,
1124 4807 1169 4844 nec
1180 4792 1255 4861 cripit
1270 4793 1407 4859 ratpertum
1420 4801 1508 4853 canat.
1522 4789 1566 4844 sed
1586 4790 1702 4859 placicius
1714 4801 1737 4843 et
1748 4806 1797 4843 con

1018 4878 1076 4915 cors
1089 4873 1111 4915 et
1126 4863 1205 4914 cottiis
1219 4872 1242 4916 et
1257 4862 1349 4928 ritanus
1363 4871 1410 4925 est,
1424 4866 1484 4930 qttia
1496 4862 1667 4915 conditionem
1681 4878 1753 4916 suam
1767 4875 1814 4914 nu·

1018 4934 1062 4988 rit.
1074 4929 1232 4989 Etssrtttaet
1240 4932 1641 5003 iisitium-bieursinscorrigit
1649 4932 1814 5005 sarperctiioss

1018 5005 1138 5059 ceruices.
1160 5007 1211 5059 stit
1231 5019 1289 5057 cunt
1313 5002 1451 5070 rapacum
1471 5005 1589 5070 carices,
1607 5004 1678 5073 quod
1694 5001 1815 5059 tteieutiit

1017 5075 1080 5133 ian.
1097 5076 1185 5131 iiottsa
1198 5076 1230 5131 ad
1250 5073 1445 5132 corruncani.
1461 5089 1557 5139 ιιιιιι,
1572 5091 1612 5129 rs.
1627 5076 1655 5136 i,
1665 5087 1692 5129 ut
1705 5078 1813 5129 sitsen·

1018 5164 1065 5204 sus
1081 5165 1088 5200 r
1104 5157 1128 5202 ct
1141 5149 1307 5218 supercilium
1320 5150 1415 5202 etatum
1430 5158 1453 5199 et
1464 5148 1581 5202 cornices.
1599 5145 1632 5201 Et
1648 5149 1682 5200 ita
1703 5147 1812 5216 quidem

1017 5220 1162 5276 Petronius
1176 5236 1236 5286 cap.
1251 5235 1304 5284 rot,
1321 5217 1335 5291 fi
1351 5220 1378 5272 i.
1391 5217 1532 5287 Postquam
1544 5235 1571 5273 ae
1583 5219 1664 5271 autari
1676 5218 1813 5282 sensiam-

1018 5292 1154 5360 perediam
1177 5290 1256 5345 tritius
1283 5292 1402 5356 austaiit,·
1413 5302 1441 5344 et
1456 5293 1513 5358 ipse
1526 5302 1618 5345 noster
1633 5289 1699 5343 inira
1713 5289 1760 5343 itit.
1774 5304 1792 5344 ιι
1804 5329 1812 5353 ,

1017 5378 1077 5432 cap.
1089 5361 1134 5419 50.
1147 5361 1311 5430 Piriiosopiii,
1323 5364 1366 5434 pni
1375 5378 1401 5416 sa
1414 5377 1467 5417 esse
1476 5361 1751 5429 saiossopicntisst'uror
1765 5377 1813 5413 aa·

1017 5443 1127 5497 tentant,
1139 5443 1163 5487 et
1177 5435 1200 5488 oi
1213 5435 1291 5504 itujsts
1301 5435 1411 5488 nominis
1423 5433 1589 5501 sartaciiinm
1599 5432 1766 5488 sustulerunt.
1777 5432 1813 5488 tit

1016 5507 1184 5573 supercilium
1199 5521 1305 5576 trucique
1320 5521 1367 5576 pet·
1390 5503 1573 5572 trictapitoratn
1598 5506 1624 5556 iu
1638 5517 1701 5574 taen.
1715 5500 1812 5558 deins·

1017 5586 1055 5643 tu,
1071 5579 1210 5647 superine,
1226 5579 1389 5648 arrogantia.
1399 5575 1536 5643 lurensi,
1546 5585 1599 5631 sat.
1614 5576 1641 5640 o,
1658 5575 1810 5631 seruitii:

1079 5668 1142 5719 ΙιιΙι
1152 5668 1312 5729 Vetrasinum,
1323 5675 1395 5730 quarn
1408 5675 1443 5723 te,
1452 5667 1567 5718 Cornelia
1578 5673 1658 5717 mater

1078 5732 1257 5790 Gracchorum,
1270 5733 1290 5781 si
1302 5745 1357 5780 eum
1368 5732 1463 5791 rnagois
1474 5729 1605 5782 uirtutibus
1615 5728 1689 5780 affers

1079 5795 1178 5846 Grande
1190 5793 1365 5857 supercilium,
1379 5799 1405 5841 et
1415 5804 1534 5844 numeras
1543 5794 1569 5843 itt
1579 5792 1638 5844 dote
1650 5794 1796 5858 nunptios,

1015 5877 1108 5950 itaque
1121 5877 1339 5950 nit—nimandans.
1352 5873 1443 5932 Οιιιιι
