4150 6250
276 339 326 402 stt
877 321 1259 397 otsstittrnrturnmvln
1857 321 1913 382 sae

275 456 410 517 Cornificii
430 461 525 519 eadem
539 477 572 519 ao
585 458 724 517 Ciceronis
734 466 794 526 est,
809 455 987 530 etymologia,
1004 465 1065 526 puae
1078 455 1104 514 Α
1116 465 1167 521 qua
1193 451 1264 506 hano
1276 450 1399 522 aliosque
1412 448 1489 508 ilctos
1513 446 1684 520 egentiiibutt
1696 444 1763 502 deos
1773 442 1911 513 explodit,

275 552 309 609 ab
319 553 540 627 illoexplicatur.
1117 543 1246 615 ponderis
1268 543 1304 597 sit
1327 557 1359 597 ac
1388 541 1502 608 virium,
1527 541 1586 609 quis
1613 549 1674 605 est,
1695 537 1741 608 qui
1767 535 1913 591 confestim

310 649 346 702 dt
368 647 480 704 Vossius
502 650 530 704 in
556 647 628 704 Festi
652 649 813 704 sententiam
836 648 921 718 magis
935 644 1065 706 inclinat,
1117 651 1173 700 non
1197 633 1414 696 animadvertat?
1445 635 1480 690 At
1514 629 1579 685 illud
1607 637 1737 700 praterea
1771 627 1914 698 perspicue
1945 677 1949 682 .

275 753 420 815 censetque
434 744 545 799 verbum
570 737 1066 813 moneo,obantitpuiorimeneoderi·
1118 729 1247 799 vilibaldi
1272 728 1307 783 ib
1336 727 1452 782 Eusebio
1476 734 1505 782 el
1526 725 1700 796 Augustino,
1721 722 1766 792 (itti
1801 735 1835 775 ex
1864 718 1915 774 iis-

273 839 384 895 valum:
411 845 439 893 ct
455 853 469 891 a
489 853 587 902 merteo,
606 836 715 900 mentio,
728 836 841 900 memini,
863 850 968 900 retentor,
988 837 1065 889 reati·
1116 822 1177 878 dem
1199 821 1280 876 Virili
1300 819 1470 877 elhssiffltfflss
1487 817 1522 874 ‘¹0
1538 820 1672 882 siluisti),
1689 813 1771 882 still,
1792 812 1912 876 ³⁰¹¹0¹¹es

274 932 368 999 piscor,
385 942 466 1002 atque
478 934 514 989 ita
530 933 627 989 [acrum
642 948 738 989 pomp„
757 932 898 1001 menerva,
921 948 954 988 20
967 932 1066 990 demde
1117 925 1143 976 et
1161 914 1279 972 blitterva
1300 912 1490 982 opinionibus,
1516 925 1564 966 eos
1586 923 1721 978 ttuuquam
1740 904 1808 961 deos
1831 904 1914 960 luisse

272 1013 391 1081 bllnerra
417 1021 528 1096 (Vm,
557 1028 600 1082 pp,
615 1039 634 1083 η
660 1027 691 1082 ,10
706 1025 779 1098 orig,
803 1036 825 1081 ep
840 1023 933 1096 progr,
956 1027 1064 1092 κάρισο,
1115 1006 1303 1062 demonstrant
1315 1005 1493 1080 (Ermeb.„iii.
1510 1019 1541 1059 ιιι
1559 1001 1681 1074 Proeprr.
1699 1017 1802 1071 evang,
1817 1016 1841 1053 c.
1866 999 1912 1098 lb,

273 1137 331 1191 cop.
360 1119 411 1188 lb,
438 1138 500 1194 prag.
521 1121 572 1178 sil
592 1132 616 1177 el
638 1123 729 1193 sepa).
753 1121 792 1179 ibt
816 1139 897 1194 popm
919 1123 965 1178 pipp
989 1122 1065 1193 ΝΜ
1116 1116 1175 1172 pop.
1193 1098 1263 1166 lbi;
1280 1088 1912 1171 August,lib.tvdeCirit.,ort.ttl,p.95).

273 1214 425 1285 congessit,
452 1215 549 1285 quibus
567 1232 598 1271 ea
628 1231 687 1286 quaa
710 1216 745 1270 alt
769 1216 888 1270 drraobto
902 1216 972 1272 dicta
994 1215 1065 1270 vidi·

273 1317 351 1372 ntus,
373 1306 473 1364 diserte
490 1309 664 1366 enucleantur
676 1317 703 1365 cl
715 1308 897 1365 stabiliuntur.

306 1397 365 1453 laur
378 1411 443 1455 vero
454 1402 503 1456 etsi
518 1403 623 1472 penitus
635 1412 801 1469 taceremus,
821 1404 881 1474 quis
898 1409 948 1468 est,
961 1417 1062 1473 quaeso,

272 1492 318 1561 uui
338 1507 393 1548 non
417 1493 490 1549 videt
508 1509 562 1564 qtto
578 1496 639 1566 jtue
663 1497 734 1552 idem
750 1497 883 1554 arnobius
897 1506 989 1551 noster
1004 1495 1066 1550 binc

272 1584 397 1640 coulioiat
415 1587 513 1644 nullutn
542 1604 652 1657 prorsus
674 1588 758 1644 luisse
781 1587 947 1654 blittervam,
969 1584 1065 1644 dietatis

272 1687 319 1733 aut
331 1678 458 1735 Victorim
479 1680 580 1748 liliam,
606 1682 705 1737 nullam
727 1698 762 1737 ex
781 1682 855 1738 iovis
884 1693 973 1738 natant
986 1697 1064 1739 oere-

272 1769 332 1838 bro,
358 1771 534 1830 inventricem
557 1774 640 1839 olem,
669 1777 804 1845 variisque
818 1776 921 1830 artibus
936 1786 964 1832 et
983 1777 1065 1831 disei-

272 1863 352 1935 plinis
365 1863 517 1934 praelectam
538 1876 565 1921 ot
583 1867 730 1934 eruditam,
751 1868 797 1923 sod
820 1884 877 1924 rom
897 1847 1105 1936 naturalem,B

272 1957 393 2029 quadra
405 1960 570 2030 utiqueessc
585 1961 697 2032 rretpuit‘l
711 1962 830 2030 (dumi,
845 1962 935 2026 libna,
947 1980 973 2032 p.
990 1963 1066 2033 itt.)

307 2058 406 2127 Atquo
418 2056 536 2121 clarius,
560 2073 592 2112 es
612 2057 744 2113 lmctenus
766 2058 847 2113 dictis
858 2070 966 2113 constat
979 2058 1067 2112 rtlrni·
1118 2110 1124 2121 ,

272 2163 319 2205 cos
344 2150 493 2207 credidisse
506 2151 579 2206 illam
603 2152 699 2207 Nentis
726 2143 827 2218 liliam,
843 2160 922 2223 atque
936 2166 970 2207 ex
992 2150 1067 2207 lovis

272 2243 384 2300 cerebro
404 2256 513 2314 natam,
533 2262 566 2301 eo
584 2245 724 2302 diflicilius
738 2247 867 2316 probatu,
890 2262 942 2318 qua
963 2247 1067 2302 ratione

259 2338 326 2394 *titia
359 2337 483 2398 Victoriae
515 2339 548 2396 ab
573 2339 694 2395 drnobio
723 2340 837 2395 dicatur.
865 2340 1007 2411 biortysius
1026 2355 1066 2393 st·

271 2431 379 2501 quidem
393 2432 615 2488 Halicarnasseus
634 2443 727 2488 narrat
743 2432 832 2504 (Dion.
861 2432 964 2500 Helie,
981 2433 1016 2487 lib
1038 2450 1065 2496 r,

271 2541 330 2594 pop.
358 2523 404 2594 26)
426 2542 433 2579 τ
455 2528 530 2586 Νίκην
552 2524 580 2582 δὲ
601 2525 719 2602 Ἀρκάδες
744 2527 914 2600 μυθολογοῦσι
938 2527 1067 2589 Πάλαιτος

270 2611 333 2674 εἶναι
359 2620 486 2696 θυγατέρα
508 2626 553 2674 τοῦ
577 2622 715 2682 Λυκάονος,
730 2621 806 2694 τιμὰς
817 2619 916 2698 δὲπαρ’
930 2623 1067 2696 ἀνθρώπων

271 2710 301 2772 ἃς
323 2715 366 2767 καὶ
382 2709 441 2784 ἔχει
452 2719 507 2779 νῦν,
519 2713 621 2774 Ἀθηνᾶς
639 2714 759 2785 βουλήσιι
771 2713 865 2778 ludria,
876 2716 1008 2787 paropinos
1020 2723 1068 2773 τῆς

270 2806 328 2861 θεοῦ
340 2809 493 2882 σύντροφον,
505 2806 605 2868 δοθῆναι
618 2812 669 2885 γὰρ
683 2810 815 2869 εὐθὺςάπὸ
824 2816 898 2881 γονῆς
912 2814 957 2867 τὴν
967 2808 1067 2866 Ἀθηνᾶν
1129 2839 1143 2846 ··

1410 1227 1556 1270 tnrtcttttts
1574 1228 1614 1269 tlt.

1116 1356 1240 1417 Quomodo
1251 1353 1373 1404 druobius
1384 1349 1442 1403 illud
1454 1353 1534 1402 adbuc
1542 1351 1655 1402 ostendat
1666 1363 1697 1400 ex
1708 1349 1823 1410 Neptuno
1833 1346 1914 1411 stygii

1145 1417 1232 1476 tratre,
1245 1419 1369 1480 pistricum
1381 1418 1488 1476 domino,
1502 1428 1634 1464 maenarum
1651 1420 1677 1463 et
1695 1413 1819 1486 gurgitum
1835 1418 1915 1458 mota-

1146 1488 1201 1530 tore
1212 1495 1218 1530 :
1230 1483 1288 1530 item
1301 1492 1334 1528 ex
1343 1479 1464 1528 Mercurio
1472 1475 1646 1534 tndateeatme,
1656 1474 1772 1539 Cyllenio,
1782 1475 1916 1521 verborum

1147 1551 1173 1592 et
1191 1546 1315 1591 mammam
1334 1539 1472 1602 inventore,
1486 1555 1513 1588 ac
1526 1547 1647 1590 mutatore
1659 1537 1817 1588 nundinarum
1828 1574 1834 1588 .
1846 1548 1916 1583 mer·

1146 1607 1218 1662 ritant,
1228 1614 1255 1656 et
1265 1606 1476 1661 oomtnerciorum3
1489 1602 1752 1666 atqueetiamcerere,
1760 1612 1814 1666 quae
1825 1598 1913 1658 'l'crra,

1146 1668 1234 1731 lingna
1246 1669 1333 1725 llater,
1346 1666 1437 1724 Vesta,
1453 1665 1521 1728 Ops,
1541 1676 1567 1716 et
1579 1666 1679 1714 Saturni
1693 1677 1755 1713 utor
1767 1662 1916 1733 uocabatur:

1146 1733 1231 1844 umida
1244 1729 1390 1795 etymologia
1401 1731 1523 1780 nominum
1534 1728 1658 1792 Neptuni,
1669 1725 1793 1785 Mercurii,
1804 1723 1917 1784 Cererts,

1149 1801 1175 1845 ei
1209 1803 1278 1845 esta.

1149 1920 1237 1978 ‚Nobis
1263 1903 1411 1975 arnobium
1432 1901 1649 1985 aliosgentilinnt
1676 1914 1742 1969 dens
1768 1928 1917 1969 recensen-

1120 2028 1173 2070 tem
1188 2014 1364 2084 seqnentibus
1379 2011 1496 2069 occurrit
1510 2011 1666 2082 Neptunus,
1692 2024 1772 2080 quent
1795 2007 1916 2075 ellinici,

1117 2109 1204 2179 innuit
1227 2108 1289 2175 ille,
1317 2107 1385 2178 qnod
1412 2123 1480 2175 equo
1507 2105 1585 2159 nabot
1605 2114 1717 2168 terram,
1748 2117 1780 2157 eo
1807 2101 1919 2156 nominc

1117 2199 1320 2274 apportaverunt
1346 2199 1475 2282 (arant,
1498 2199 1544 2256 tta.
1568 2214 1612 2261 m,
1636 2215 1694 2267 pap.
1724 2174 1797 2265 its).
1823 2193 1919 2264 meque

1043 2341 1048 2349 .
1117 2305 1191 2351 certe
1212 2293 1444 2367 baccetymologia
1467 2301 1579 2361 patrono
1597 2285 1796 2367 delensoreque
1815 2286 1916 2342 caruit.

1117 2387 1247 2456 Quamvis
1262 2388 1333 2442 enim
1349 2384 1445 2440 Cicero
1467 2371 1583 2455 Neptuni
1599 2397 1724 2460 norttcua
1741 2380 1840 2445 arando,
1854 2379 1919 2458 qui-

1117 2468 1229 2536 busdam
1246 2479 1341 2534 litteris
1356 2469 1491 2547 paululum
1503 2475 1668 2542 immutatis,
1681 2474 1825 2530 isidorusa
1843 2473 1919 2529 nube

1117 2574 1193 2644 quasi
1205 2582 1327 2639 tonante,
1356 2559 1399 2626 alii
1420 2588 1434 2625 a
1458 2572 1542 2626 verbo
1555 2555 1637 2626 etiam
1661 2586 1750 2640 graeco
1767 2571 1862 2625 νίπτειν
1877 2567 1920 2640 la·

1118 2679 1198 2750 varo,
1225 2666 1345 2732 abluere,
1361 2665 1503 2720 deductum
1531 2665 1629 2750 velint;
1656 2659 1742 2718 Varro
1763 2673 1853 2717 tanten
1872 2659 1920 2716 di·

1117 2768 1191 2815 srrte
1203 2758 1292 2812 dixit:
1314 2776 1323 2809 t
1340 2756 1483 2834 Neptunus
1501 2745 1571 2826 rpuod
1599 2773 1672 2810 tnare
1686 2766 1773 2811 terras
1787 2753 1917 2826 obnubit,

1046 2903 1051 2916 ,
1117 2860 1147 2906 ul
1170 2851 1255 2906 nubes
1278 2850 1395 2916 coebtttt,
1418 2866 1434 2904 a
1460 2837 1601 2918 nipmtd
1620 2837 1680 2914 cst,
1708 2831 1919 2918 opertionem

270 2899 376 2954 tullian
391 2901 442 2954 ἀπὸ
456 2903 521 2962 Διὸς.
535 2904 579 2955 καὶ
592 2901 654 2977 παρ’
669 2903 764 2973 ι’κιίνῳ,
778 2903 842 2961 rt'mc
865 2903 901 2962 εἰς
924 2902 993 2977 ὥραν
1008 2902 1066 2975 ἀοι·

272 3012 341 3058 κετο,
353 3001 488 3066 τραφῆναι.
513 2991 651 3048 Victoriam
676 3005 761 3048 autem
781 2994 893 3048 Arcades
915 2994 1067 3065 {uiolentur

272 3085 355 3155 filiam
364 3085 493 3154 Palantia,
503 3090 622 3158 prognati
629 3087 748 3161 Lycaone
757 3101 798 3146 :et
809 3089 918 3145 bonores
926 3105 990 3162 pros
998 3104 1067 3143 anne

272 3183 342 3251 opud
363 3182 477 3237 tornines
496 3182 586 3244 babel,
612 3195 794 3247 commentum,
812 3182 930 3238 Minerva
938 3184 1063 3253 jubente,

271 3273 339 3342 guod
351 3290 409 3327 evm
423 3274 471 3328 buc
485 3276 534 3329 dea
548 3276 624 3329 sitrtul
639 3276 803 3331 educaverit.
825 3275 924 3331 allode
936 3277 1003 3331 enim
1025 3294 1065 3332 re·

271 3381 330 3420 certa
345 3376 433 3420 notam
445 3369 652 3422 contarendatum
667 3386 721 3424 esse
737 3369 862 3435 Palmati,
876 3384 900 3426 et
913 3372 984 3440 apud
993 3373 1067 3428 illum

271 3460 485 3525 educatartt,dttm
495 3464 643 3519 adoleverit.
659 3463 761 3537 Quibus
770 3476 841 3539 certo
855 3466 944 3539 verbis
959 3466 1066 3535 planum

271 3551 317 3608 ille
329 3553 392 3608 lacit
405 3554 549 3611 Minervam
566 3572 619 3612 aron
630 3573 691 3614 csse
707 3556 790 3612 liliam
803 3559 937 3624 Victoriae,
947 3561 994 3614 sed
1006 3569 1067 3614 tan·

271 3640 411 3703 luttrutudd
426 3634 487 3704 curu
499 3644 544 3705 illa
557 3640 710 3706 cdttcatarit.
732 3638 865 3707 Prae-vium
890 3652 1067 3707 nibilominus

271 3742 407 3811 opinionis
430 3757 488 3798 sum
510 3756 673 3800 assertorem
690 3746 824 3800 arnobius
839 3745 941 3800 ‘imbuit
963 3747 1067 3802 Pausa·

271 3838 359 3903 niatu,
388 3840 433 3903 dui
458 3838 561 3893 atterat
591 3837 750 3906 (Pansam,
775 3841 821 3894 tit.
847 3857 871 3907 t,
893 3857 953 3912 pag.
979 3839 1035 3909 itt)
1060 3857 1067 3894 ε

270 3934 317 3983 ttod
330 3929 416 4003 ἕτερον
431 3932 539 3986 lateam
561 3932 627 4008 ἱερὸν
641 3932 742 3992 Ἀθηνᾶς
754 3934 903 3994 πεποίηται,
916 3932 1070 4004 καλουμένης

269 4024 355 4084 Νίκης.
376 4022 493 4076 Alterum
517 4022 660 4078 ididerneet
683 4021 819 4078 delubrum
844 4022 985 4089 atinum,
1013 4024 1066 4090 otti,

274 4113 396 4170 Victoriae
420 4127 626 4187 cognomentum.
653 4115 682 4171 ln
703 4118 819 4187 quodam
847 4127 936 4173 autem
949 4116 1069 4187 Orphei,

270 4212 308 4264 uti
332 4210 501 4275 inscribitur,
518 4211 617 4283 bymno
633 4211 678 4265 illa
694 4220 805 4265 vocatur
823 4211 940 4290 νικηφόρα
961 4209 1067 4282 δαῖμον,

274 4301 416 4358 Victoriam
444 4310 529 4377 serene
552 4305 653 4359 doeruon
680 4304 831 4377 (Orpbeus,
870 4315 931 4358 tona.
957 4319 965 4358 t
992 4303 1067 4360 Poet.

269 4412 365 4468 praee,
393 4416 453 4470 pop.
475 4398 598 4470 libibdt
624 4398 685 4453 binc
710 4399 823 4454 Arnobii
845 4400 963 4454 taarratio
990 4400 1070 4469 plano

269 4490 413 4558 sumatur,
434 4494 456 4547 si
483 4494 542 4564 ejus
561 4494 587 4548 in
612 4501 686 4547 tortu
717 4494 851 4564 legeretur
871 4512 904 4548 :r
922 4492 1001 4548 Nulla
1028 4502 1071 4549 est

270 4597 336 4653 ergo
352 4583 448 4638 llentis
471 4584 541 4649 lilia,
565 4585 636 4639 nulla
663 4584 793 4641 Victoria.
810 4604 820 4638 t
835 4584 862 4641 st
889 4600 954 4640 vero
974 4586 1069 4655 legen·

270 4675 333 4730 dnm
355 4676 408 4740 sit,
431 4674 514 4730 Nullo
537 4676 673 4743 Victorini,
697 4677 825 4733 videlicet
839 4678 908 4743 illia,
927 4678 1066 4748 expende,

270 4785 378 4841 qtrmso,
407 4780 496 4825 utrum
518 4770 577 4826 ltmc
600 4770 692 4841 opinio
717 4770 780 4826 inde
800 4748 932 4834 invaluit,
957 4770 1027 4843 quod
1052 4787 1068 4827 a

271 4862 373 4933 templo
398 4862 499 4932 ipsius,
515 4878 575 4933 ottae
591 4858 709 4917 Victoria
724 4865 941 4933 nuncupabatur,
968 4878 1070 4934 eogno-

270 4955 371 5010 miuata
395 4965 452 5021 est,
467 4964 514 5009 aut
535 4956 598 5026 prtia
620 4967 770 5026 pugnantes
788 4959 848 5027 ejus
862 4956 963 5011 amitto
984 4958 1069 5013 victo·

270 5050 336 5102 riam
359 5058 501 5117 reportare
530 5047 696 5103 serebantur.

305 5141 399 5212 Longe
416 5157 500 5212 porro
514 5143 647 5213 vulgatius
659 5152 687 5197 et
702 5143 792 5198 notius
816 5152 858 5197 est
871 5141 955 5209 illam,
974 5157 1070 5213 quem·

237 5300 244 5321 Ι
270 5234 417 5291 admodum
438 5235 503 5290 alibi
518 5234 686 5290 ostendimus
701 5236 808 5307 (διον,
823 5252 883 5305 cop.
904 5236 931 5304 9,
955 5246 1006 5290 ort.
1028 5234 1068 5308 ἦ),

270 5329 337 5383 olem
355 5338 382 5384 et
407 5328 542 5391 aliarum,
561 5329 631 5384 sicut
657 5327 790 5384 Diodorus
813 5330 920 5385 Siculus
942 5339 1069 5395 testatur,

270 5423 448 5493 plurimarum
462 5423 560 5477 artium
574 5423 671 5477 dictam
685 5421 770 5480 luisse
792 5426 980 5483 inventricem.
1003 5425 1070 5483 Nam

271 5514 335 5572 inde
352 5515 397 5571 itte
424 5516 562 5573 concludit
577 5536 583 5571 ε
598 5517 648 5592 'dp’
662 5515 823 5594 aia'Eppo'mm
843 5522 922 5581 erkle
934 5543 1070 5599 προσαγο-

271 5612 393 5688 ρεύεσθαι
406 5609 528 5682 (Diodor.
546 5613 650 5677 Sicci,
676 5614 719 5668 tia.
737 5629 780 5679 ιιι,
804 5612 947 5678 Rittium..
963 5635 987 5685 p.
1005 5619 1068 5686 llil,

272 5713 296 5755 et
319 5699 364 5755 lib.
387 5718 420 5767 v,
443 5702 598 5777 papias),
615 5705 687 5761 undo
712 5722 824 5776 oporto,
843 5720 891 5761 seu
910 5708 1000 5779 opilex
1024 5726 1070 5765 oo·

273 5794 375 5847 ct'luiur.

274 5934 291 5959 ,
313 5882 444 5943 Ceterum
456 5895 583 5958 qumttum
595 5890 622 5945 iu
633 5888 684 5949 boa
697 5890 809 5951 Arnobii
821 5894 1070 5965 argumentatione,

1110 3871 1116 3885 Ο

1117 2934 1237 3013 arationi,
1263 2957 1345 3012 aptio
1360 2941 1472 3010 nuptiae,
1499 2952 1651 3012 nuptasque
1663 2939 1750 3024 dietus
1772 2960 1782 2993 t
1800 2939 1917 3022 (Cicer,

1117 3035 1162 3104 tit.
1187 3052 1203 3090 ιι
1225 3036 1256 3089 de
1281 3034 1378 3089 Natur.
1396 3034 1487 3120 deor„
1504 3037 1566 3107 pop.
1581 3033 1652 3096 aab
1671 3031 1783 3099 isidem,
1797 3032 1841 3086 tit.
1856 3047 1917 3099 vtrt,

1119 3123 1229 3201 Oriq'im
1250 3124 1343 3194 Vara,
1359 3126 1404 3182 tlt.
1421 3144 1448 3183 tv
1461 3128 1493 3182 de
1513 3125 1591 3197 Linp.
1619 3126 1665 3180 int.
1679 3170 1686 3194 ,
1702 3119 1764 3200 pop.
1779 3126 1836 3197 itt).

1080 3241 1103 3306 C
1153 3200 1234 3290 Abanti
1259 3222 1282 3277 sl
1308 3222 1334 3277 id
1359 3236 1451 3277 terum
1477 3218 1529 3289 sil,
1554 3222 1593 3275 ait
1615 3208 1772 3286 Artatt'bitts,
1796 3204 1919 3274 concidii

1117 3316 1239 3388 prolecto
1257 3312 1324 3370 deus
1353 3314 1511 3384 Neptunus,
1535 3310 1568 3368 ab
1593 3310 1708 3369 etlmicis
1731 3314 1818 3368 dictus
1833 3299 1920 3369 irate'r

1118 3408 1213 3482 Stygii,
1236 3411 1261 3464 id
1288 3420 1346 3471 est,
1369 3388 1508 3475 Plutonis,
1539 3404 1565 3464 et
1591 3406 1667 3464 tants
1690 3422 1852 3480 germanus,
1882 3408 1920 3462 dc

1117 3502 1281 3577 qatibuslam
1302 3502 1490 3559 disseruiums.
1517 3494 1599 3559 adult
1624 3492 1725 3579 ironico
1748 3513 1841 3558 auctor
1864 3518 1918 3556 no·

1119 3612 1192 3656 ster:
1207 3619 1217 3650 ι
1235 3596 1355 3654 Tridenti
1380 3578 1520 3664 ariaratus,
1538 3586 1676 3667 pistricum
1700 3596 1844 3659 dominus,
1872 3605 1916 3681 at·

1119 3710 1189 3764 que,
1208 3694 1372 3761 mattarum,
1390 3708 1437 3748 rex
1451 3684 1584 3746 salsorum
1599 3691 1734 3763 gurgitum
1758 3707 1768 3743 ι
1787 3689 1918 3762 (Arnum,

1121 3772 1169 3843 io'e.
1186 3786 1262 3863 ele),
1277 3785 1303 3844 td
1317 3798 1375 3852 est,
1392 3772 1513 3842 marisci
1528 3785 1632 3856 pelagi,
1647 3780 1684 3839 uti
1696 3780 1777 3855 liquet
1791 3776 1834 3838 bis
1854 3798 1918 3838 car-

1120 3881 1259 3949 minibus,
1285 3881 1381 3949 quibus
1392 3877 1520 3950 Virgilius
1534 3876 1610 3932 illum
1631 3876 1670 3932 sic
1694 3873 1846 3947 loquentem
1874 3876 1920 3931 in-

1120 3974 1214 4031 duait:

1167 4089 1222 4141 Non
1233 4091 1266 4142 illi
1279 4091 1409 4153 imperium
1421 4090 1502 4154 pelagi
1513 4082 1654 4153 saevumque
1666 4062 1807 4147 tridentem,

1168 4154 1218 4204 Sed
1230 4154 1290 4204 mitat
1300 4162 1368 4203 sorte
1379 4155 1471 4204 datum.

1302 4234 1416 4303 (virgil,
1426 4230 1469 4289 tit.
1481 4250 1491 4287 ι
1503 4235 1611 4299 AEneid,
1624 4246 1688 4288 uera.
1701 4235 1749 4287 lta
1758 4241 1782 4287 et
1791 4233 1867 4300 serp.)

1121 4348 1218 4405 Pistrix
1242 4359 1345 4409 autem,
1369 4346 1450 4416 piscis
1477 4355 1518 4401 est
1535 4361 1648 4418 magmas
1677 4359 1724 4401 sen
1748 4342 1836 4400 bellua
1859 4358 1921 4396 ma·

1120 4440 1197 4509 rina,
1214 4457 1294 4512 qrtam
1310 4439 1429 4495 nonnulli
1453 4438 1575 4494 balenam
1598 4453 1658 4495 esse
1677 4430 1850 4493 arbitramur.
1878 4434 1921 4492 De

1121 4529 1232 4608 pistrice
1246 4525 1322 4605 plura
1342 4510 1461 4591 'Arati
1476 4531 1680 4605 phoenomeais,
1696 4530 1840 4601 exquibus
1859 4528 1920 4585 baec

1083 4631 1110 4692 Ι)
1121 4628 1267 4700 selegimus
1283 4643 1290 4681 :

1165 4743 1344 4793 Andromedam
1356 4751 1437 4793 lamen
1450 4740 1582 4807 explorans
1592 4740 1644 4791 l'era
1653 4754 1769 4806 quaercre
1781 4740 1868 4803 pistrix

1166 4806 1263 4869 Pergit,
1276 4814 1302 4855 cl
1312 4818 1392 4868 usqne
1403 4806 1473 4855 silam
1487 4804 1578 4854 validas
1590 4804 1710 4867 aquilonis
1721 4804 1751 4854 nd
1763 4818 1835 4855 auras

1166 4868 1259 4921 Caerub
1272 4870 1378 4931 vestigat
1389 4867 1456 4918 limta
1468 4868 1492 4916 in
1505 4867 1614 4931 partibus
1624 4869 1709 4917 austri.

1379 4950 1424 5015 (ln
1436 4950 1515 5003 dicer.
1528 4952 1639 5016 fragam,
1648 4964 1706 5014 pop.
1718 4950 1750 5001 33
1759 4956 1783 5002 el
1793 4951 1873 5017 seqq.)

1121 5056 1206 5112 Naana
1227 5070 1334 5127 quoque
1350 5056 1471 5111 marinus
1485 5056 1566 5126 piscis
1580 5064 1638 5120 est,
1654 5056 1700 5125 pui
1720 5070 1808 5127 grace
1823 5057 1920 5127 μκῖνις,

1123 5164 1138 5204 a
1153 5149 1283 5205 Romanis
1304 5149 1384 5205 bodie
1398 5150 1509 5205 mertolo
1525 5158 1646 5203 vocatur.
1660 5148 1756 5204 Cicero
1771 5156 1861 5203 autem
1878 5148 1923 5204 lais

1123 5244 1213 5299 verbis
1232 5243 1303 5299 illius
1318 5244 1461 5298 meminit:
1478 5261 1488 5295 ι
1506 5241 1558 5310 Qui
1571 5242 1737 5312 voluptatem
1752 5241 1837 5313 ipsam
1851 5256 1921 5296 con-

1125 5344 1261 5404 temnunt,
1285 5336 1318 5390 iis
1341 5334 1405 5390 licet
1429 5334 1519 5390 dicere
1543 5349 1574 5389 se
1594 5335 1800 5404 aneipenserem
1825 5348 1924 5391 maenas

1125 5441 1178 5482 non
1202 5438 1367 5497 anteponere
1384 5446 1394 5479 ι
1424 5424 1537 5501 (dicem,
1551 5427 1595 5482 tit.
1614 5443 1634 5482 rt
1651 5427 1684 5482 de
1698 5424 1784 5482 Finii.
1800 5469 1807 5491 ,
1824 5444 1851 5498 p.
1873 5425 1923 5492 66.

1124 5518 1170 5573 lia.
1188 5521 1244 5589 bi).
1263 5519 1427 5575 llentiouem
1448 5520 1529 5574 etiarn
1543 5521 1602 5589 elus
1620 5518 1685 5575 iacit
1702 5519 1867 5584 Athenaeus,
1893 5529 1924 5579 et

1123 5611 1222 5683 smptus
1238 5612 1361 5677 Plinius,
1382 5612 1427 5683 qui
1452 5628 1502 5666 nos
1529 5611 1608 5667 docet
1626 5610 1724 5682 quibus
1750 5610 1869 5678 morbis,
1893 5620 1925 5666 ct

1122 5703 1259 5775 quomodo
1272 5704 1391 5759 remedia
1406 5718 1439 5758 ex
1453 5704 1504 5758 noe
1518 5705 1591 5773 pisce
1600 5703 1777 5758 coniiciuntur
1792 5701 1897 5774 (artam.
1912 5745 1922 5770 ,

1123 5797 1167 5851 ttl.
1184 5810 1219 5850 vn
1234 5794 1409 5864 betramum..
1425 5810 1485 5868 puy.
1500 5796 1568 5861 alm
1586 5793 1675 5861 Ptin,
1688 5794 1733 5850 tid.
1748 5810 1824 5861 nvt,
1847 5792 1919 5849 tttsr.

1127 5899 1234 5955 natam,
1261 5903 1319 5960 cop.
1346 5902 1385 5956 tv,
1400 5904 1461 5959 pag.
1491 5887 1565 5957 tta,
1593 5887 1638 5944 bb.
1667 5901 1758 5957 xtvtt,
1778 5902 1837 5958 cop.
1857 5885 1924 5959 tut,
