4150 6250
316 321 371 379 465
950 309 1176 372 blsssitittito
1195 309 1334 371 rttmtta
1900 315 1954 375 lbi

315 438 393 504 etius,
405 449 457 493 oon
467 447 500 491 ex
510 433 594 490 sacris
602 432 703 489 nostris
713 428 900 502 scriptoribus,
908 427 957 485 scd
967 429 1001 485 ab
1013 427 1110 484 hthnl-
1124 427 1189 501 Ain
1203 430 1281 494 mala,
1298 429 1362 485 dum
1378 430 1508 487 bonomm
1525 444 1558 489 ac
1568 432 1701 489 malorum
1716 431 1861 489 discrimen
1876 432 1953 505 iguo-

320 529 360 586 cis
372 541 404 583 ac
416 526 573 582 nominatim
587 523 676 580 Plinio
688 531 716 579 et
729 519 873 578 Plutarcho
887 519 1024 586 delibavit,
1039 518 1110 589 quod
1160 530 1231 577 rant.
1251 520 1407 595 liboeum,
1421 524 1467 581 tii.
1483 539 1510 580 rr
1528 523 1629 595 instit,
1646 543 1706 597 cop.
1723 526 1767 592 lt,
1780 543 1840 600 pap.
1854 523 1934 598 uit)

319 634 422 681 rectea
437 620 576 677 Lactantio
593 618 754 690 exagitatur.
765 614 933 672 Clementem
948 612 1109 670 Alexandri·
1195 613 1232 668 tlt
1250 624 1339 670 utrum
1361 615 1419 672 hec
1436 615 1479 673 vel
1502 615 1555 673 alia
1581 619 1617 674 sit
1633 618 1746 675 Arnobii
1765 620 1850 675 nostri
1875 632 1953 675 mens

318 732 383 773 num
403 715 442 772 eis
461 712 637 787 proculdubio
654 711 816 784 subjungere
835 718 948 781 poterat,
963 708 1008 780 qui
1025 707 1110 779 pluri-
1160 715 1187 763 et
1201 710 1344 775 sententia,
1358 724 1392 767 eo
1402 709 1475 767 dictu
1488 709 1644 779 diiiicilius,
1660 711 1732 784 quod
1747 710 1792 768 hic
1807 711 1884 768 locus
1898 727 1953 769 non

319 825 379 867 mos
392 806 460 866 alius
472 810 617 880 scriptores
630 805 762 874 ethnicos,
776 805 903 862 miseram
917 802 1032 858 bominis
1045 817 1110 859 con-
1160 800 1271 856 umniuo
1284 800 1389 873 integer
1403 812 1455 869 est,
1469 802 1518 859 sed
1530 819 1625 875 magna
1643 803 1765 868 librarii,
1779 819 1839 876 quc
1853 805 1954 875 passim

317 901 447 958 ditionem
474 899 664 971 deplorantes,
694 898 720 954 in
746 896 881 963 modium,
910 895 949 950 uti
976 894 1107 960 vidimus,
1160 892 1259 965 ubique
1278 894 1501 966 deprehenditur,
1518 896 1625 953 inscitia
1644 907 1787 969 corruptus
1809 912 1841 954 ac
1855 897 1954 968 depra-

313 992 625 1069 protulitiPlirt.,lib.vu
640 989 736 1047 Notur.
752 987 1108 1062 biat.,prooem.;l’luturclt.,
1161 994 1248 1043 vatus.
1272 985 1338 1043 Nam
1355 1003 1404 1059 pro
1421 1005 1466 1045 serv
1490 990 1598 1063 scripsit
1618 991 1677 1058 ved,
1693 991 1732 1047 uti
1743 991 1798 1062 jam
1811 993 1953 1050 annomi-

315 1088 360 1144 tii.
371 1088 413 1172 ste
432 1085 556 1154 iotam,
574 1102 635 1158 pap.
656 1083 720 1151 bii,
735 1093 797 1139 tons.
818 1098 854 1148 n;
873 1082 994 1147 hostum,
1008 1079 1054 1137 lib.
1068 1094 1108 1148 ιιι,
1160 1092 1230 1134 mus.
1250 1078 1349 1136 Verum
1364 1080 1422 1138 haec
1437 1082 1684 1155 lectioquihusdaut
1698 1084 1853 1142 abhrnobii
1867 1099 1951 1143 seusu

314 1197 372 1253 cup.
390 1179 437 1246 28,
453 1190 478 1235 et
491 1179 523 1235 de
536 1177 644 1250 Opino,
663 1194 722 1249 cup.
737 1178 792 1234 iet
807 1177 843 1244 l,
857 1187 918 1232 tom.
943 1174 1108 1248 lipparam,
1159 1171 1199 1227 sic
1211 1171 1359 1231 abhorrere
1375 1176 1571 1244 existimatum
1597 1186 1627 1233 ut
1648 1177 1675 1233 iu
1693 1187 1768 1234 textu
1793 1192 1885 1235 vocem
1907 1194 1955 1234 sert

312 1275 357 1331 tii.
372 1291 412 1342 ιιι,
427 1273 571 1340 disserti,
590 1290 649 1347 cop.
670 1273 713 1340 li,
728 1280 779 1327 ort.
795 1272 823 1339 l,
839 1287 900 1343 pop.
914 1269 1002 1337 ltin
1021 1286 1109 1342 rapu,
1159 1267 1266 1339 propria
1277 1269 1613 1328 auctoritatosubstituere
1624 1287 1677 1328 uon
1685 1271 1876 1329 dubitaverint.
1885 1274 1955 1343 Qui·

313 1369 361 1425 ιω,
373 1386 445 1443 cap„
458 1380 508 1424 arr.
526 1368 565 1441 t),
1158 1358 1221 1415 tlam
1234 1377 1298 1418 vero
1310 1363 1369 1420 baec
1381 1364 1436 1421 dtto
1447 1366 1541 1435 verba,
1556 1367 1682 1423 naturalis
1696 1368 1844 1442 infimitas,
1858 1370 1883 1425 in
1898 1381 1955 1426 tes·

349 1459 444 1518 Utrum
459 1466 549 1516 autem
563 1467 659 1516 auctor
670 1466 762 1515 noster
775 1455 818 1513 his
831 1454 955 1513 absurdis
969 1454 1110 1512 erroribus
1159 1458 1216 1507 tum
1229 1453 1331 1511 intrusa
1350 1466 1378 1512 et
1399 1458 1563 1529 amputanda
1586 1459 1763 1517 arbitrantur.
1778 1460 1832 1519 Sed
1852 1461 1954 1519 nullam

312 1568 408 1611 revera
427 1551 524 1610 ductus
539 1550 629 1619 luerit,
651 1564 705 1607 nou
724 1550 852 1607 minimus
872 1548 1012 1606 dubitandi
1033 1549 1110 1605 locus
1158 1543 1275 1601 aberunt
1287 1547 1400 1618 hujusce
1419 1550 1598 1607 correctionis
1612 1553 1756 1610 rationem.

311 1655 364 1703 cst.
388 1645 448 1700 lam
473 1646 615 1700 ettimvero
634 1641 806 1699 manilestum
828 1642 941 1699 ierimus
959 1638 1109 1696 scrobium
1194 1637 1249 1695 Nos
1268 1639 1358 1712 itaque
1372 1643 1417 1714 qui
1434 1642 1502 1699 nihil
1522 1644 1549 1699 in
1570 1645 1717 1701 ductorum
1733 1655 1806 1702 testu
1820 1647 1881 1704 siue
1895 1662 1954 1704 ma·

308 1736 493 1795 disertissimis
514 1734 631 1792 edixisse
646 1735 748 1801 verbis,
765 1749 818 1789 non
838 1734 925 1789 sulum
944 1733 1073 1789 mundum
1093 1748 1109 1787 a
1160 1730 1292 1802 nuscripti
1305 1733 1419 1804 alicujus
1433 1734 1496 1801 lide,
1511 1746 1557 1792 aut
1570 1748 1643 1794 certa
1657 1738 1769 1794 omuino
1778 1738 1956 1810 evidentique

311 1833 368 1888 lieo
387 1829 535 1897 conditum,
557 1828 604 1885 sed
624 1829 710 1899 ipsum
731 1828 812 1885 etiam
833 1826 969 1882 bominem
992 1827 1043 1898 ipsi
1063 1841 1108 1882 ac·
1123 1840 1147 1900 B
1160 1823 1318 1894 probatione
1336 1829 1434 1883 mutari
1463 1829 1607 1895 volumus,
1631 1830 1743 1899 borum,
1756 1833 1779 1887 si
1799 1833 1959 1904 incorrupta

310 1933 418 1998 ceptum
433 1922 547 1989 relerre,
566 1922 637 1994 quod
656 1922 702 1989 sit,
718 1922 789 1994 quod
808 1923 889 1977 homo
902 1921 1019 1989 dicatur,
1034 1919 1106 1992 quod
1159 1916 1231 1984 sint,
1256 1916 1370 1976 Aruubii
1387 1920 1531 1977 verborum
1548 1922 1633 1979 alium
1655 1925 1765 1980 omniuo
1784 1926 1958 1996 suspicamur

311 2018 397 2090 spiret
408 2025 436 2073 et
446 2016 528 2072 vivat.
539 2014 607 2073 Cum
618 2030 683 2087 ergo
693 2014 840 2071 arnobium
851 2013 903 2072 sibi
916 2015 1028 2086 turpiter
1038 2029 1106 2070 con·
1158 2024 1218 2065 esse
1228 2024 1349 2068 sensum.
1364 2014 1393 2068 ln
1404 2028 1499 2070 sorum
1513 2016 1653 2073 enimvero
1672 2017 1829 2089 opinionem
1842 2019 1958 2090 pedibus

309 2097 458 2168 tradirisse‘
474 2108 577 2166 nemini
595 2108 725 2167 credibile
746 2110 803 2175 dat,
824 2125 914 2167 noune
932 2111 1030 2167 merito
1053 2110 1106 2167 dici
1157 2101 1958 2184 libenltilblfflussslilfll>l⁰b¹V015¹¹¹¹¹⁰¹¹¹0¹¹i¹¹¹¹dllW⁰·

308 2212 399 2276 potest
413 2203 489 2259 illum
502 2201 647 2273 prioribus,
662 2217 723 2272 quar
736 2200 864 2269 citantur,
881 2202 970 2258 verbis
983 2202 1107 2259 ethnicos
1157 2212 1210 2251 tem
1227 2197 1262 2253 ab
1275 2199 1398 2256 Arnobio
1419 2202 1503 2268 widh
1528 2218 1582 2258 ⁰⁰¹¹
1598 2203 1690 2274 utique
1703 2204 1738 2260 ²⁶
1751 2205 1957 2277 ⁸5d¹¹ineundum

309 2313 364 2355 „011
383 2296 448 2363 atto,
463 2311 544 2368 qnam
564 2294 741 2366 ipsorummet
760 2293 852 2367 qladio
869 2294 1003 2367 iugulare,
1024 2306 1106 2366 nsque
1157 2287 1313 2360 huminum,
1329 2293 1376 2364 qui
1391 2293 1491 2365 aliquid
1507 2306 1602 2353 contra
1616 2296 1735 2353 divinam
1748 2298 1911 2370 agiliorem,
1922 2314 1958 2355 ao

307 2406 341 2448 es
358 2389 445 2458 lalsis,
464 2388 561 2460 quibus
579 2387 676 2444 imbuti
697 2398 786 2453 erant,
801 2403 956 2460 oppugnare
970 2389 1106 2460 opinioni·
1158 2392 1296 2453 helmum
1313 2387 1530 2457 lfflifledlifflm
1545 2388 1681 2459 ‘fidimus
1693 2390 1742 2447 ⁵0⁶
1753 2391 1890 2449 hminem
1903 2394 1953 2465 qui

308 2484 381 2542 sust
397 2482 536 2540 norom
549 2480 681 2555 siquidum
703 2479 809 2537 animas
829 2481 1032 2539 nonistorum
1045 2497 1107 2539 asse
1157 2477 1438 2536 mtvntiinimitate
1459 2481 1492 2537 st
1516 2484 1810 2553 pessumeuntem
1826 2489 1957 2560 proclivis
1995 2551 2000 2562 .

308 2577 429 2651 generis,
443 2590 545 2648 easque
558 2576 592 2631 ab
606 2574 653 2631 iilo
666 2574 763 2631 missas
776 2574 802 2631 in
819 2576 890 2631 lrunc
904 2574 1045 2644 nrnvdum,
1060 2576 1106 2632 ubi
1156 2578 1207 2624 est.
1222 2569 1289 2626 blarru
1301 2586 1367 2628 vero
1379 2586 1440 2629 esso
1455 2573 1526 2630 illitis
1548 2577 1710 2633 sententiam
1724 2578 1787 2636 inde
1797 2581 1895 2637 conlici
1907 2595 1957 2652 po·

310 2672 431 2745 pristinu
451 2684 619 2741 summaque
637 2666 775 2739 dignitatis
794 2669 902 2739 penitus
919 2668 1104 2736 immemores,
1156 2669 1217 2728 ¹3²2
1234 2663 1305 2733 (luod
1318 2664 1465 2732 ⁵¹¹⁰r⁸5⁶¹¹fi
1478 2669 1953 2749 &⁰¹⁰211102211110‘2V5fflffiludfo

309 2767 472 2843 quibuslibet
491 2764 688 2824 calamitatibus
709 2764 864 2822 cruciantur
890 2773 918 2822 ct
943 2764 1103 2820 obruuntur.
1157 2751 1215 2809 ¹¹⁰⁶·
1227 2771 1287 2825 ΜΡ·
1299 2766 1351 2813 ⁶¹⁸·
1366 2757 1411 2830 ⁸),
1428 2758 1607 2819 ᾶῑδθῐίῖῦῦίωθ
1632 2769 1831 2825 asseveraverit
1851 2770 1956 2827 usmioi

309 2862 377 2933 Quis
390 2863 481 2935 itaque
495 2858 546 2916 sibi
560 2856 632 2915 haud
647 2873 719 2930 seqre
728 2856 891 2930 persuadeat
904 2855 1054 2913 hrnobium
1070 2857 1106 2913 ibi
1156 2847 1210 2902 Vim
1224 2864 1239 2901 ³
1254 2848 1309 2904 ⁰0⁰
1321 2849 1426 2917 iliberri·
1438 2866 1532 2909 ⁰⁰¹⁰ss
1544 2868 1677 2925 ill⁰¹⁸¹¹⁸¹
1692 2858 1799 2915 Christo
1811 2861 1953 2933 metaliter

308 2956 439 3013 adversus
454 2951 585 3009 lithnicos
604 2966 638 3007 er
659 2948 724 3005 ialsa
744 2949 853 3005 illorum
876 2949 1004 3020 opinione
1023 2964 1105 3022 arqu-
1156 2941 1256 3009 wli,
1269 2956 1303 3000 ιθ
1317 2942 1443 3011 libenti·
1459 2946 1597 3005 nminem
1609 2952 1643 3005 ²¹)
1655 2950 1888 3025 01⁰⁸111⁴¹¹¹¹8⁰¹¹²5⁸
1898 2971 1949 3013 0¹·

308 3051 423 3109 mentari
438 3066 446 3105 ι
462 3049 510 3110 sed
524 3047 600 3114 alibi,
621 3048 693 3104 sicut
711 3062 774 3104 mox
797 3046 1011 3113 observavimus,
1027 3062 1104 3102 suant
1154 3036 1236 3104 cludi,
1249 3038 1394 3111 &lamque
1405 3041 1531 3098 omnibus
1545 3041 1659 3101 liberam
1671 3046 1952 3120 apendipotestatem.

309 3152 460 3223 explicasse
477 3148 652 3215 sententiam,
666 3146 809 3218 palamque
823 3136 995 3204 asseverasse
1015 3145 1106 3204 humi·
1154 3131 1324 3205 Quillffll)ter
1336 3144 1470 3193 emblem
1483 3136 1620 3195 hminem
1631 3138 1705 3197 ¹¹5⁸&
1717 3144 1951 3215 williwaldi?

305 3257 370 3299 nem
384 3257 399 3297 a
415 3240 472 3297 lieo
486 3254 582 3296 revera
594 3236 679 3294 luisse
692 3239 833 3295 creatum?
1115 3225 1138 3290 C
1156 3243 1167 3276 ι
1185 3224 1225 3282 Tu
1235 3227 1280 3297 (itti
1294 3236 1321 3282 tt
1332 3228 1411 3295 verli,
1419 3235 1447 3285 st
1459 3228 1513 3285 tim
1521 3230 1659 3289 desideras
1673 3234 1787 3305 perpeti,
1799 3244 1829 3291 ut
1838 3235 1865 3292 id
1876 3239 1953 3309 quod

340 3332 383 3391 lld
398 3333 524 3390 miseram
536 3344 601 3387 vero
616 3328 733 3386 hominis
745 3329 927 3387 conditionem
941 3331 1014 3403 quod
1040 3331 1103 3388 atti·
1154 3316 1224 3373 ¹¹⁰¹ss
1241 3316 1344 3375 efficiii
1359 3363 1366 3387 ι
1381 3329 1461 3392 atque
1482 3322 1597 3394 milita
1615 3335 1743 3392 wellis:
1767 3341 1816 3384 etit
1837 3332 1944 3402 mutis

304 3435 364 3496 net,
377 3440 437 3483 eam
452 3438 570 3497 quoquc,
598 3429 691 3493 utpote
706 3421 739 3477 atl
753 3430 892 3493 peccatum
908 3438 957 3479 nos
969 3423 1104 3479 inclinan-
1154 3428 1294 3471 assumere
1308 3415 1444 3472 voluntate
1456 3416 1494 3484 id,
1506 3419 1579 3489 quod
1598 3435 1693 3478 uersus
1708 3422 1953 3498 desiderantique

305 3528 361 3577 tom
377 3559 385 3587 ‚
413 3515 494 3574 dehet
516 3515 672 3587 Apostolus.
688 3512 742 3570 Sed
758 3513 817 3570 iac
838 3519 983 3585 propensio
1001 3531 1055 3572 noo
1069 3531 1103 3572 ex
1155 3507 1312 3565 immutatus
1323 3507 1455 3567 cllloeml
1466 3510 1545 3579 Nolo,
1556 3511 1659 3586 inquit,
1673 3523 1702 3572 et
1716 3517 1880 3576 voluntatem
1895 3536 1952 3577 non

309 3612 378 3678 lieo,
393 3609 442 3667 sed
456 3607 582 3679 exprimi
605 3606 722 3664 bominis
737 3617 849 3677 peccatu
863 3607 1001 3675 protrusit.
1015 3607 1104 3665 Caele·
1155 3600 1251 3659 habeo.
1267 3602 1336 3673 Quid
1359 3619 1425 3677 ergo
1446 3605 1599 3663 criminaris
1622 3609 1717 3677 Deum
1742 3622 1877 3683 tamquam
1901 3615 1953 3672 tibi

305 3721 367 3764 rum
382 3703 519 3762 Arnobius
534 3717 587 3757 non
602 3701 666 3756 vitia
678 3709 705 3756 et
720 3707 830 3772 peccata
844 3699 880 3755 ihi
894 3707 1038 3767 memorat,
1054 3700 1104 3757 sed
1155 3694 1247 3751 desit?
1260 3694 1346 3767 Opem
1358 3696 1499 3755 desideras
1515 3698 1564 3756 tibi
1577 3698 1659 3770 ierre,
1681 3703 1758 3774 cuius
1767 3705 1837 3761 duna
1850 3716 1878 3763 et
1891 3724 1954 3764 mu·

305 3813 440 3857 aerumnas
450 3806 478 3853 et
487 3794 637 3858 molestias,
647 3808 708 3866 quae
722 3793 773 3850 etsi
787 3808 802 3847 a
816 3793 904 3864 primo
915 3793 1033 3850 bominis
1042 3808 1105 3864 pec·
1155 3801 1219 3843 nera
1232 3795 1395 3845 nuptantum
1407 3794 1583 3862 asperneris,
1604 3808 1697 3850 verum
1710 3795 1798 3852 inania
1812 3799 1893 3856 verba
1904 3816 1954 3858 co-

307 3899 369 3950 ctio
383 3888 591 3956 emanaverint,
607 3901 671 3944 vera
689 3895 789 3949 tamen,
804 3895 925 3957 utsupra
937 3902 973 3942 ex
988 3886 1105 3960 ipsomet
1155 3879 1296 3951 uuuntiues
1308 3889 1336 3937 et
1348 3880 1515 3951 jocularibus
1534 3882 1641 3942 lucetiis
1654 3890 1842 3960 prosequarisl
1858 3910 1869 3945 ι
1885 3893 1951 3960 (Ar-

307 3984 430 4044 drnublo
444 3979 611 4040 ostendimus
625 3978 721 4051 (caps,
735 3994 794 4050 cup.
806 3975 848 4050 i),
864 3993 917 4033 non
932 3986 995 4033 sunt
1010 3979 1080 4034 mala
1095 4018 1104 4045 ,
1155 3976 1235 4046 nob,
1262 3979 1306 4035 tio.
1326 3995 1357 4048 n,
1372 3998 1433 4055 pop.
1453 3982 1511 4056 8⁹.)
1525 3983 1659 4057 Numquid
1686 3987 1745 4044 haec
1767 3989 1839 4047 illius
1867 3994 1951 4051 verba

307 4072 555 4136 ssdbouumetiant
566 4079 696 4128 aetornum
707 4068 924 4127 beneolentibus
941 4084 1033 4127 creare
1042 4084 1104 4141 pos·
1156 4079 1228 4136 sunt.
1242 4072 1288 4143 qui
1302 4071 1439 4131 hominem
1452 4075 1566 4134 inllrrntc
1589 4087 1691 4135 naturae
1707 4096 1763 4138 snae
1788 4086 1952 4146 noeessitsre

309 4179 383 4229 suut.
1155 4177 1268 4233 peccare
1295 4167 1421 4223 asserat?
1448 4167 1532 4225 immo
1554 4185 1621 4227 vero
1643 4172 1783 4242 scriptoris
1806 4178 1952 4238 orthodoxi

345 4265 463 4321 Rursum
475 4269 566 4317 tamen
583 4257 725 4328 insurgunt
739 4252 955 4312 Elmsnborslius
969 4261 996 4310 et
1009 4253 1105 4310 lleral·
1154 4253 1226 4311 huuc
1234 4271 1356 4314 errorem
1372 4260 1466 4329 procul
1479 4262 1589 4319 omniuo
1607 4264 1788 4324 amandautis.
1801 4267 1868 4327 Cum
1884 4287 1953 4347 ergo

309 4358 372 4424 dus,
388 4355 519 4426 nobisque
531 4349 669 4423 oblectant
690 4347 837 4404 bruchium
849 4345 1001 4403 asseruisse
1013 4346 1103 4404 homi·
1154 4349 1301 4407 verisimile
1314 4367 1367 4408 non
1388 4354 1425 4410 sit
1438 4354 1587 4413 arnobium
1601 4359 1653 4416 sibi
1668 4362 1720 4431 ipsi
1733 4363 1843 4422 omnino
1853 4367 1952 4426 adten-

308 4467 371 4510 nem
387 4445 504 4506 naturali
516 4444 672 4500 infirmitate
685 4454 809 4512 peccaro,
826 4453 879 4496 non
893 4454 958 4495 vero
970 4439 1104 4498 eloctione
1154 4443 1219 4510 sari,
1236 4443 1341 4515 obiecta
1353 4445 1388 4503 ab
1400 4447 1601 4507 Elmeultumtio
1615 4452 1688 4510 iilius
1701 4455 1793 4526 rerba,
1817 4459 1852 4515 ad
1871 4460 1949 4519 illum

309 4539 467 4602 voluntatis.
480 4535 616 4593 Christum
629 4533 769 4589 enimvero
782 4531 860 4588 bonis
873 4531 1005 4603 malisque
1013 4533 1104 4603 opitu·
1153 4537 1333 4607 proculdubio
1349 4554 1458 4598 sennam
1483 4545 1727 4617 revocandorum,
1741 4553 1948 4622 quobutniuem

308 4637 360 4696 lari
374 4634 446 4690 huuc
456 4630 503 4687 ille
514 4625 611 4700 probat
626 4625 653 4680 iu
667 4622 776 4679 modum
793 4640 800 4677 ι
815 4640 825 4675 r
838 4621 895 4679 lioc
908 4630 951 4678 cst
962 4625 1102 4696 proprium
1115 4625 1142 4686 D
1153 4628 1187 4684 ad
1202 4640 1340 4700 peccatum
1354 4635 1471 4693 namrali
1485 4636 1640 4699 infirmitate
1653 4658 1817 4717 propensum
1828 4659 1949 4719 pem.

311 4727 440 4794 beireri,
461 4721 643 4797 potentiaeque
668 4715 791 4788 regalis,
812 4714 1004 4786 benignitatem
1025 4732 1102 4773 suam
1154 4739 1207 4779 rent
1221 4727 1395 4798 nuncupavit.

309 4838 410 4898 negare
428 4817 515 4885 nulli,
530 4828 581 4872 nec
596 4821 725 4882 reputare
736 4809 797 4881 quis
812 4817 965 4875 mereatur,
991 4820 1038 4867 aut
1051 4811 1103 4868 mi·
1156 4816 1159 4822 '
1590 4872 1598 4887 .

309 4920 397 4984 nime;
410 4927 473 4970 cum
484 4903 615 4965 naturalis
627 4901 768 4959 inllrntitas
779 4909 947 4972 peccatorem
963 4901 1100 4960 bominem
1446 4867 1562 4928 CAPUT
1576 4871 1645 4931 ⁸¹¹¹·

310 5012 400 5077 iaciat,
417 5019 471 5062 vion
483 4998 627 5059 voluntatis
639 5038 647 5066 ,
660 5010 709 5053 scu
720 4996 867 5069 (manuscr.
882 4994 945 5053 cod.
961 5012 1018 5068 req.
1044 4998 1101 5070 aed)
1199 4973 1347 5034 ”mm
1360 4978 1457 5037 ΟΜ
1469 4984 1636 5043 donnana
1654 4989 1839 5051 mwmtiosts
1851 4997 1908 5068 cias

308 5099 477 5163 mdicadmis
502 5093 611 5153 electio.
630 5110 640 5145 ι
655 5090 777 5165 (desub,
792 5090 839 5147 tii.
854 5105 872 5153 t,
888 5106 949 5163 puq.
960 5090 1020 5163 it.)
1030 5094 1099 5163 Qui·
1475 5081 1606 5151 mim·

306 5202 358 5259 bris
368 5210 435 5255 sane
447 5190 536 5249 verbis
550 5194 625 5258 putat
637 5184 769 5241 ileraldus
785 5185 821 5241 ab
830 5183 877 5241 illo
891 5184 1036 5256 signillcari
1050 5186 1099 5242 ho·
1415 5208 1564 5253 tartessus
1577 5214 1683 5259 rurus.

305 5295 407 5353 minem
422 5303 473 5346 trec
490 5283 562 5342 velle
575 5280 675 5338 malum
690 5320 699 5346 ,
724 5294 775 5335 nec
793 5279 908 5350 eligere,
920 5278 969 5336 sed
982 5282 1098 5339 naturali
1149 5296 1226 5360 qm
1238 5302 1324 5357 „ndis
1334 5310 1487 5370 ,mmmm
1496 5308 1767 5380 mmmmm
1778 5318 1869 5376 cmm
1880 5325 1944 5379 dm·

305 5387 425 5447 caccitats
438 5381 467 5438 id
477 5376 599 5451 iudicatu
612 5372 724 5437 bonum,
734 5370 805 5442 quod
822 5386 919 5430 revera
933 5372 1033 5429 malunt
1043 5384 1097 5431 est.
1356 5373 1459 5424 uitatem
1469 5382 1564 5426 morat
1580 5385 1607 5428 et
1618 5380 1733 5433 viootoer.

303 5480 400 5539 Nonne
417 5488 483 5546 ergo
504 5466 639 5528 arnobius
656 5471 732 5520 reete
747 5463 867 5534 arguitur
888 5465 915 5519 in
936 5463 1096 5538 huncquu·
1184 5471 1268 5530 Tanta
1283 5477 1420 5535 Amobius
1444 5482 1636 5554 perspicuitate
1650 5495 1679 5543 et
1697 5489 1832 5549 evidentia
1846 5509 1940 5567 suprs-

303 5571 427 5634 fumdsm
440 5575 561 5625 veterum
576 5556 800 5634 pbilosophorum
814 5571 935 5627 summm
950 5558 1095 5631 incidisse,
1149 5579 1219 5621 mam
1234 5568 1334 5627 liliiliei
1347 5571 1449 5629 Christi
1466 5574 1573 5631 domini
1583 5577 1751 5639 divinitatem
1775 5587 1893 5651 asserit,
1909 5598 1940 5643 ut

303 5683 385 5743 quom
397 5659 553 5720 Lactantius
566 5654 609 5712 bis
619 5651 708 5709 verbis
724 5650 828 5706 trotarii
840 5650 852 5703 l
882 5667 893 5702 r
911 5650 1009 5709 llicuut
1023 5669 1072 5711 eos
1085 5696 1094 5721 ,
1146 5656 1211 5715 illud
1224 5674 1240 5714 a
1252 5664 1370 5732 nemine,
1384 5666 1435 5724 nisi
1442 5677 1535 5725 mente
1544 5680 1634 5742 capto,
1645 5674 1688 5730 rel
1701 5675 1851 5735 incredibili
1860 5694 1938 5750 pror·

303 5753 650 5837 quimaliridetntur,non
664 5753 949 5816 suaspontepcccarc,
964 5747 1093 5804 necmala
1145 5763 1192 5806 sus
1218 5754 1368 5823 pervicacia
1395 5759 1533 5818 obowto
1556 5765 1642 5834 possit
1672 5782 1797 5840 uinquam
1833 5773 1937 5845 negari.
2053 5766 2054 5793 ¹

301 5842 589 5943 voqmpqmfled
605 5842 737 5900 bonorum
750 5836 841 5912 specie
853 5836 1092 5910 lapsos,incidere
1143 5839 1397 5920 lleutiautotnejus
1409 5867 1489 5924 quam
1499 5854 1553 5913 alte
1565 5855 1937 5938 inlisumiusritpraacipuum
2052 5930 2054 5955 Ι
