4150 6250
104 299 161 360 385
726 299 759 357 lN
779 291 971 366 sttuoutbil,
991 293 1071 355 CAP.
1091 288 1113 350 1.
1667 282 1739 346 15811

133 421 263 476 Praeterea
276 418 366 489 imago
375 417 415 473 rei
427 416 541 487 alictdus
552 417 602 489 ipsi
615 415 711 473 similis
722 432 783 473 csse
798 416 889 480 delict,
906 411 1077 482 llllutuquid
1099 409 1137 465 ‹ltt
1161 410 1187 463 iu
1206 407 1295 477 porris
1314 402 1467 461 simulacris
1488 399 1620 459 dedicatis
1641 412 1741 471 corpus

99 512 211 583 alloquio
227 511 315 582 imago
329 525 382 565 uuit
397 511 459 565 erit.
472 509 554 581 Atqui
570 525 650 565 neruo
664 508 787 564 etimicus
809 510 891 562 ltnruo
943 521 1021 561 suum
1037 502 1213 569 cutttraituut,
1230 510 1257 556 et
1272 498 1413 569 porrigunt
1426 497 1451 551 iu
1468 493 1572 567 maguis
1586 494 1742 572 111111111-

98 606 163 660 scire
176 613 264 675 potest
276 615 363 658 utrum
373 602 486 674 quilibet
497 603 563 659 deus
573 603 632 656 talis
645 617 737 658 reuera
748 601 792 664 sit,
805 600 892 671 qrtalis
942 600 1000 654 sis?
1013 594 1148 666 Numquid
1173 607 1242 649 uum
1263 591 1340 657 deus,
1357 599 1420 661 puta
1441 587 1591 653 Vulcanus,
1607 586 1634 641 iu
1654 586 1742 642 omui-

99 698 258 769 clusimugo.
269 696 304 752 tt
315 706 389 752 certe
403 695 503 751 seimus
514 695 655 750 talcsdcos
666 709 787 749 essenon
801 707 895 763 posse,
942 688 993 745 bus
1007 688 1063 744 suis
1084 685 1236 742 simulacris
1258 683 1358 754 ubique
1376 681 1496 753 gentium
1520 679 1613 749 positis
1629 685 1657 733 et
1677 693 1743 733 con·

16 835 17 840 ι
99 791 185 862 quales
199 791 251 856 sol,
268 791 341 857 iuna,
358 790 442 856 renti,
458 790 558 860 aliique
573 788 680 845 leonina
696 789 737 844 rel
757 787 807 842 alia
824 786 891 842 facie
942 782 1056 839 secretis
1074 780 1116 835 rel
1131 778 1284 849 multiplex,
1300 777 1342 833 rel
1358 774 1489 831 indiuisus
1508 789 1619 830 manere
1631 771 1742 843 poterit?

16 885 17 902 i
98 887 367 959 representabautur.
393 886 435 940 ‚tb
459 884 574 940 etimicis
597 893 687 938 auteur
710 882 771 952 jure
794 880 891 937 merito
977 876 1047 946 Quid
1071 875 1166 946 plura?
1180 873 1209 931 st
1229 873 1267 928 dii
1288 873 1314 927 in
1336 869 1378 926 itis
1392 870 1448 926 suis
1470 867 1622 924 simulacris
1646 881 1741 924 reuera

98 981 172 1038 derisi
184 990 250 1036 sunt
264 979 343 1050 prisci
361 978 492 1044 bumiues,
508 977 554 1048 qui
576 992 625 1047 pro
638 975 691 1031 diis
703 975 825 1041 britium,
837 975 892 1030 aci·
943 968 1077 1032 babitaut,
1092 983 1140 1022 cur
1154 981 1186 1023 ea
1200 964 1326 1036 gentiles,
1341 979 1376 1019 ne
1389 978 1442 1034 quia
1459 961 1556 1033 injuria
1570 958 1740 1026 adliciuntur,

97 1089 197 1139 uacent,
215 1071 343 1139 lapidem,
368 1069 484 1126 iulormc
510 1071 622 1140 lignum,
649 1078 695 1125 aut
717 1067 780 1139 orrid
804 1067 892 1123 simile
942 1062 1080 1128 claustris,
1094 1058 1225 1126 claribus,
1239 1056 1365 1128 pessulis,
1378 1054 1500 1123 canibus,
1511 1052 1652 1144 anseribus
1665 1059 1742 1107 tucn·

99 1168 227 1223 colebant.
242 1163 343 1221 Verum
359 1164 397 1219 illi
422 1164 472 1234 ipsi
497 1179 549 1219 uuo
577 1164 666 1218 miuus
692 1161 829 1227 irridendi,
845 1161 890 1233 qul
943 1155 998 1217 lltr,
1027 1168 1060 1208 ac
1082 1151 1289 1222 diligentissime
1313 1147 1489 1205 custodimur
1514 1144 1568 1201 Cur
1585 1144 1690 1215 iupiter
1714 1151 1743 1199 ct

98 1264 272 1320 Hammonem
286 1274 347 1316 eum
362 1259 490 1315 cornibus
503 1257 636 1324 arietinis,
661 1258 806 1314 Saturnum
830 1272 891 1312 eum
943 1246 1117 1320 AEsculupius
1133 1253 1187 1300 tatu
1203 1244 1336 1315 patienter
1351 1241 1472 1296 tulerunt
1485 1237 1629 1294 simulacra
1642 1250 1690 1291 sua
1706 1234 1742 1290 ab

98 1358 176 1422 hice,
202 1355 301 1411 nudam
334 1352 487 1420 Venerem,
514 1351 664 1408 Vulcanum
687 1367 749 1407 curn
773 1351 843 1420 pileo
864 1358 892 1406 et
942 1329 1600 1409 111ῑί11011011010115101101111115111119111116
1618 1325 1742 1383 ltisuibil

97 1450 203 1514 malleo,
219 1464 279 1504 curru
294 1448 398 1519 plectro
408 1457 436 1504 et
448 1446 544 1502 ildibus
564 1444 727 1515 Apollinem,
753 1453 781 1499 et
792 1442 891 1513 Neptu·
941 1432 1008 1489 deos
1020 1447 1141 1498 curasse,
1157 1440 1231 1487 certe
1243 1429 1337 1485 Verius
1352 1426 1537 1484 incredibilem
1559 1422 1742 1497 Pygmalionis

98 1559 156 1599 nour
170 1558 235 1598 cum
251 1541 348 1597 luscius
362 1540 521 1611 depingunt.
542 1537 627 1607 Quum
642 1539 714 1595 euim
728 1536 786 1591 baec
799 1552 813 1588 1
828 1550 891 1590 reru
942 1535 970 1581 et
980 1526 1092 1581 alterius
1106 1523 1204 1595 perditi
1218 1521 1336 1580 ltontiuis
1352 1520 1377 1575 in
1392 1519 1545 1575 sumulacra
1559 1533 1607 1574 sua
1620 1514 1742 1586 petulan-

98 1636 206 1691 deorum
219 1635 299 1704 figora
311 1634 488 1701 abhorreant,
503 1632 563 1703 quis
577 1647 630 1688 uon
652 1631 743 1687 ridet?
758 1629 890 1686 Praeterea
943 1615 1006 1671 tiam
1023 1613 1322 1686 1101111511111131111111·
1338 1610 1529 1667 1111100111ῐῦ
1544 1608 1650 1681 «11111111
1663 1607 1743 1678 cliii·

98 1730 118 1784 si
127 1729 184 1785 lucc
198 1727 306 1798 propria
321 1727 376 1782 sint
385 1725 594 1797 uniuscuiusque
605 1723 648 1780 del
660 1731 829 1788 ornamenta,
846 1720 890 1776 ubi
942 1709 1059 1775 totiuus,
1088 1707 1159 1765 5⁰⁰0
1179 1704 1298 1778 11111111
1325 1703 1453 1774 Similis,
1479 1703 1560 1757 bima
1584 1699 1739 1772 1311111111,

98 1819 126 1875 ,p
147 1835 201 1875 „no
225 1835 303 1875 ,uum
327 1816 478 1874 pegma,
492 1825 519 1872 οι
541 1813 649 1873 dederi,
663 1813 752 1877 atteri,
777 1823 890 1883 puerque
905 1817 929 1877 B
943 1801 1040 1870 Apollo
1052 1807 1081 1855 ct
1092 1800 1137 1854 alii
1151 1798 1304 1854 debuerunt
1317 1795 1459 1852 simulacra
1473 1804 1501 1850 et
1515 1793 1586 1860 1111,
1602 1794 1628 1848 io
1643 1792 1744 1863 quibus

99 1911 210 1968 discerni
222 1913 339 1980 amptius
349 1925 402 1965 uou
416 1908 523 1980 poterit.

126 2005 219 2077 Neque
231 2003 340 2075 indigna
356 2012 458 2059 tamum
474 1999 573 2058 etltnlci
595 2001 646 2056 diis
658 2000 716 2057 sois
730 2010 887 2057 ornamenta

97 2096 233 2162 decertant,
260 2096 308 2151 sed
322 2094 500 2166 quorumdam
526 2094 677 2164 licerinum,
703 2104 784 2165 atque
805 2093 887 2148 etiam

96 2190 262 2249 meretricum
289 2189 403 2259 liguram
427 2198 454 2244 et
477 2187 649 2243 lineamenta.
679 2186 720 2241 ait
744 2185 889 2241 Alciltladis

97 2286 184 2353 quiippe
204 2280 292 2337 instar
317 2280 490 2348 llercurlum,
511 2279 546 2335 ad
574 2279 690 2335 Gratiam
713 2287 740 2334 ct
767 2278 889 2350 Pingues

97 2374 233 2440 Venerem,
250 2372 503 2442 saltricaruthuid
516 2388 590 2438 vero,
605 2372 676 2443 quod
688 2370 797 2427 Phidias
811 2371 889 2426 lasci·

97 2466 172 2534 rieus,
187 2468 215 2523 in
242 2466 320 2523 loris
335 2465 474 2539 ‚Olympici
488 2481 503 2520 a
517 2480 547 2521 se
563 2464 625 2520 laeti
639 2464 721 2536 digito
736 2462 886 2532 Pouturces,

98 2561 169 2632 pueri
182 2578 196 2615 a
209 2577 240 2616 se
255 2563 349 2628 aurati,
364 2576 462 2616 uitmeu
486 2559 641 2630 inscripsit?
656 2559 696 2614 Eo
707 2567 798 2614 autern
814 2566 888 2628 pctu-

96 2654 181 2709 lautioe
194 2664 274 2726 atque
288 2654 409 2710 audacie
424 2652 544 2719 deuenit,
561 2654 622 2724 troia
639 2661 753 2708 uouerat
766 2667 816 2707 suu
827 2668 887 2707 mu·

95 2763 167 2812 ucrc,
181 2760 207 2804 et
221 2758 281 2805 arte
294 2746 449 2804 suaderem
462 2746 497 2803 ab
513 2745 667 2802 trontiuibus
680 2745 797 2800 adorari.
814 2743 887 2812 Qua·

95 2850 199 2912 propter
212 2842 338 2898 etlmicus
353 2841 477 2895 lincuntur
492 2840 643 2904 bruobios3
662 2847 692 2893 ut
707 2837 740 2893 ad
754 2838 888 2893 saniorem

95 2942 205 2990 menum
234 2934 393 3000 redeuntes,
420 2931 528 2987 tandem
557 2930 707 3000 tutettgam
733 2929 887 2993 simulacra,

95 3040 147 3095 qua
161 3036 236 3082 nuto
248 3025 352 3083 ltouure
366 3024 527 3093 adorabunt,
542 3039 604 3080 ossa
619 3039 691 3089 csse,
707 3023 820 3094 lapides,
839 3037 887 3091 ms,

95 3131 239 3190 argeutum,
254 3136 363 3185 aurum,
377 3136 410 3175 ac
422 3119 522 3189 seprius
536 3119 705 3183 vilissimam,
717 3132 749 3173 ac
761 3133 821 3187 ouae
832 3126 888 3172 tur-

941 1893 1106 1960 babitabaut,
1121 1893 1155 1950 alt
1175 1890 1300 1948 incendio
1313 1889 1427 1964 aliisque
1447 1886 1555 1945 casibus
1571 1887 1669 1943 intaeta
1680 1899 1740 1941 ser·

940 1990 1024 2045 aare?

976 2081 1106 2140 Ultimum
1122 2096 1203 2152 porro
1220 2078 1362 2153 gentilium
1383 2079 1417 2134 ad
1440 2077 1580 2134 retinenda
1596 2075 1741 2133 siutuiacru

940 2176 1170 2249 propugnaculum
1180 2175 1240 2240 luit,
1254 2174 1410 2231 lmrcomnia
1424 2173 1550 2244 antiquos
1559 2190 1612 2229 nou
1626 2171 1739 2242 fugisse,

940 2271 988 2328 sed
1008 2272 1054 2327 ttlo
1080 2271 1289 2326 simulacrorum
1312 2269 1386 2324 cuitu
1414 2266 1568 2337 liuperitunt
1591 2267 1687 2338 uulgus
1713 2267 1740 2322 in

940 2363 1032 2421 alticio
1044 2371 1071 2418 et
1085 2362 1214 2433 reiigione
1227 2360 1432 2438 continendum.
1449 2358 1503 2417 Sed
1517 2358 1568 2414 boc
1582 2358 1672 2429 scipso
1686 2357 1741 2414 ruit

940 2465 967 2511 ct
979 2455 1120 2513 evertitur.
1146 2452 1216 2522 Quid
1240 2453 1312 2508 eninr
1326 2452 1398 2523 plebi
1416 2450 1586 2523 quantumuis
1608 2450 1741 2520 imperitae

940 2545 1141 2604 formidandum
1164 2562 1201 2602 cx
1230 2544 1342 2601 deorum
1367 2543 1522 2600 simulacris
1545 2542 1668 2614 spoliatis
1694 2550 1741 2599 aut

940 2638 1071 2710 direptis?
1084 2637 1153 2707 Quid
1168 2635 1344 2693 metuendum
1356 2652 1388 2692 ex
1403 2634 1512 2692 Saturni
1525 2634 1606 2703 inice,
1623 2634 1683 2691 lani
1698 2634 1739 2690 bi·

939 2733 1029 2803 cipitis
1052 2731 1128 2788 clare
1151 2729 1278 2795 dentata,
1300 2728 1376 2786 ioris
1390 2727 1494 2794 lomite,
1508 2739 1592 2783 cestu
1613 2726 1738 2796 intimis,

939 2822 1068 2880 llinerrre
1077 2823 1165 2895 galea,
1179 2822 1288 2878 Cereris
1301 2821 1438 2888 mainonis,
1455 2829 1482 2877 ct
1496 2820 1603 2876 certeris
1616 2819 1740 2890 hujusce-

940 2917 1015 2976 modi
1033 2915 1156 2973 ridiculis
1170 2915 1284 2971 ‹leorum
1307 2913 1478 2985 irrsigoilmsl
1491 2913 1559 2983 Quid
1575 2913 1632 2970 lure
1647 2924 1674 2970 et
1688 2914 1740 2970 alia

940 3009 1020 3081 louge
1048 3009 1168 3080 turpiora
1190 3016 1317 3079 poteraut
1340 3006 1373 3061 ari
1403 3005 1573 3063 retinendam
1599 3004 1738 3062 bominum

940 3103 1098 3176 religionem
1120 3102 1265 3160 conterre?
1287 3102 1402 3157 Tantum
1427 3099 1548 3173 prolecto
1567 3099 1740 3166 stertuit

98 3218 208 3288 ,mimis
232 3217 328 3272 „sagus
342 3216 484 3281 semem,
499 3213 649 3269 mappam,
676 3212 742 3281 Quis
765 3212 836 3267 enim
860 3211 886 3265 p,
901 3218 923 3280 C
941 3195 1563 3269 acciderit,ouinpotuisuitmiucsuotlulegum
1571 3195 1739 3252 severiorum

98 3311 207 3366 animum
224 3309 337 3366 inducat
350 3318 379 3364 ut
393 3310 472 3363 ileum
484 3306 560 3362 ilium
572 3321 633 3363 esse
645 3305 791 3372 existimet,
804 3320 885 3376 quem

94 3399 144 3472 ipsc
156 3419 187 3457 es
202 3402 290 3457 baccc
304 3402 415 3457 materia
431 3398 581 3456 fabricarit.

125 3492 201 3565 Urget
212 3481 353 3550 tt'rtmbius
364 3494 501 3550 nemiuem
515 3507 577 3548 esse
591 3492 627 3547 ita
641 3491 766 3548 insanum
783 3492 827 3562 tpui
844 3494 884 3548 si·

94 3586 197 3641 nolacri
222 3585 340 3657 alicujus
364 3595 456 3657 partes
471 3586 616 3656 separatim
636 3583 738 3656 positas
760 3584 842 3652 colat,
856 3593 885 3641 et

94 3681 190 3737 adoret.
203 3681 334 3754 Curergo
346 3681 449 3738 ettmici
463 3680 525 3737 illas
535 3681 615 3736 simul
630 3681 789 3750 coujuuctns
800 3694 884 3735 reuc-

92 3776 232 3833 rabautmt
256 3777 315 3833 Non
331 3777 461 3847 maiorem
485 3788 560 3833 certe
571 3778 733 3845 conjunctae,
748 3793 827 3848 quana
840 3776 883 3832 di-

92 3872 166 3936 riscc,
180 3871 233 3926 rim
244 3871 362 3926 diuinam
376 3871 485 3927 liabent.
497 3869 669 3928 liucaccedit
688 3870 760 3942 quod
784 3872 806 3926 si
822 3870 883 3943 uuis

94 3962 117 4017 io
134 3963 283 4036 Olympiaci
301 3962 387 4025 iouis,
415 3974 460 4018 aut
476 3963 588 4019 alterius
611 3963 749 4019 simulacri
774 3965 883 4019 intimus

95 4066 177 4125 partes
192 4057 412 4127 triumuirorum
429 4066 527 4127 preter
541 4056 664 4123 laminas,
678 4057 721 4111 rel
732 4056 797 4127 ligni
812 4058 883 4112 sisi-

94 4164 138 4218 111
159 4160 262 4219 partes,
288 4149 399 4220 plumbo
420 4147 533 4215 sulluso,
550 4158 596 4204 aut
617 4148 736 4215 catenis,
754 4150 840 4217 turreis,
856 4159 897 4227 et,

95 4240 185 4297 ansulis
193 4251 361 4312 compactas,
371 4252 397 4297 et
407 4243 779 4313 coagmentatusconspiciet?
787 4241 883 4299 Nuuue

94 4332 183 4390 ridebit
194 4345 288 4406 caput,
302 4344 435 4401 rctttrem,
446 4335 568 4407 aliasque
583 4346 672 4406 partes
683 4336 757 4392 imus
771 4352 880 4403 tacitas,

95 4424 186 4495 inanes,
206 4439 291 4500 atquc
310 4429 503 4497 inpertemus?
527 4429 579 4486 Sed
599 4445 630 4485 eu
654 4446 768 4487 certiore
789 4432 810 4488 si
827 4447 881 4488 uon

95 4516 172 4589 liccat,
188 4536 282 4577 ncttuc
295 4520 384 4577 ceruit
396 4533 487 4592 partes
501 4520 638 4578 situulacri
649 4534 776 4582 externus
787 4525 881 4583 nidore

939 3301 1025 3356 metu,
1050 3306 1100 3347 nec
1124 3290 1187 3346 ullis
1216 3289 1356 3362 suppliciis
1377 3306 1392 3345 a
1412 3288 1562 3345 sceleribus
1582 3299 1610 3344 et
1631 3288 1740 3360 iiagitiis

937 3383 1076 3455 potuerint
1091 3383 1234 3440 baetonus
1246 3375 1378 3440 cohiberi.
1396 3382 1538 3439 Postremo
1554 3381 1692 3438 butubius
1706 3379 1740 3437 dc

938 3475 1083 3534 sacrillciis
1095 3476 1225 3549 deinceps
1236 3474 1523 3547 agendumsiguitieat,
1538 3485 1566 3531 ct
1579 3474 1648 3531 libro
1657 3473 1738 3532 linem

936 3567 1062 3640 imponit.

1237 3721 1383 3764 sustentes
1396 3723 1444 3764 tlt.

1183 3839 1295 3905 sualmis
1306 3838 1362 3891 libri
1375 3843 1485 3905 septimi.

971 3965 1090 4021 Primum
1110 3964 1160 4022 boc
1173 3966 1199 4021 iu
1214 3966 1282 4022 libro
1304 3966 1439 4023 Arnobius
1461 3967 1592 4026 Varronis
1611 3970 1729 4025 auctori-

936 4066 1001 4120 1111,
1017 4071 1049 4112 ac
1073 4056 1173 4114 deinde
1196 4059 1301 4115 ratione
1324 4059 1421 4129 probat
1435 4059 1507 4114 nulla
1535 4060 1587 4117 diis
1612 4061 1734 4119 iacienda

935 4165 996 4207 esso
1018 4150 1162 4208 sacrillcia.
1187 4152 1227 4207 liii
1250 4152 1349 4223 quippe
1370 4153 1427 4209 siue
1450 4153 1507 4209 reri
1522 4152 1657 4222 dicautur,
1679 4155 1735 4213 sive

934 4258 1064 4315 corporea
1089 4245 1201 4301 ruateria
1215 4246 1375 4316 coirtpositi,¹
1388 4247 1446 4303 sire
1459 4246 1598 4303 bominum
1612 4264 1694 4304 manu
1707 4258 1736 4306 ct

933 4340 1080 4407 eructasti,
1098 4340 1171 4396 uuila
1191 4340 1323 4398 sucrilleia
1342 4341 1511 4400 desiderant.
1527 4343 1590 4400 Veri
1614 4345 1686 4400 enlm
1710 4345 1734 4400 si

933 4433 978 4500 qui
991 4432 1064 4501 siut,
1081 4434 1147 4489 tutes
1169 4450 1231 4491 esse
1244 4434 1355 4502 debent,
1372 4437 1479 4507 qualern
1494 4436 1635 4495 cltristiaui
1653 4437 1732 4496 adse·

933 4536 1069 4582 rutttessc
1085 4542 1175 4583 rerum
1198 4530 1318 4584 munium
1333 4528 1487 4600 dominum,
1504 4533 1730 4605 omnipotentem,

95 4612 647 4687 1111110ᾶω11111111,11111,11111ςί1111
670 4619 821 4688 putredine,
836 4632 881 4677 apt
894 4625 922 4685 J)
933 4624 1014 4686 ablue
1037 4618 1187 4690 ittgenllttttt
1213 4619 1308 4676 Dcttttt.
1325 4621 1375 4690 Qui
1391 4638 1456 4679 teto
1476 4625 1544 4683 iales
1568 4638 1649 4693 sunt,
1666 4627 1733 4684 nillil

94 4700 257 4763 diuturnitate
271 4721 416 4772 corruere,
431 4715 538 4778 atunea
560 4708 690 4774 muribus,
706 4710 807 4778 blattis,
821 4728 881 4767 ara·
933 4711 1040 4782 penitus
1054 4726 1087 4768 err
1103 4721 1211 4771 terrena
1234 4717 1344 4773 materia
1359 4717 1575 4790 accipiuntque
1594 4730 1642 4776 aut
1654 4721 1732 4777 alatr-

96 4798 184 4853 acisct
197 4799 401 4869 biruudiuibus,
421 4800 537 4872 aliisque
558 4803 728 4860 attimalculis
741 4806 835 4863 loetlcri
849 4822 882 4863 ac
932 4815 985 4872 tur,
1000 4817 1047 4861 aut
1068 4805 1247 4865 delectentur.
1268 4808 1345 4865 Nulla
1372 4809 1452 4881 igitur
1466 4812 1659 4870 sacrillciuruut
1680 4814 1732 4870 diis

94 4888 273 4960 coinquinari?

124 4980 209 5049 Erras,
224 4984 381 5056 inquiebant
399 4985 511 5044 ctltnici.
528 4987 584 5043 Nou
601 4988 806 5047 simulacrorum
823 5008 879 5047 tua·

95 5073 189 5141 mun,
205 5076 255 5133 sed
275 5077 341 5134 deos
355 5078 381 5133 in
395 5080 560 5154 simulacris,
584 5094 645 5153 post
657 5098 762 5140 sacram
786 5099 880 5140 eorrrm

94 5164 282 5227 dedicationem
303 5171 472 5241 babitantes,
493 5175 618 5231 culituus.
641 5175 676 5231 ti
697 5178 821 5248 vosipsi,
836 5196 880 5234 rc·

95 5266 159 5330 pouit
176 5266 331 5332 Arttobius,
346 5268 464 5339 gentilos
478 5279 532 5326 tota
545 5272 642 5326 erratis
662 5271 713 5326 ria.
729 5272 780 5329 Cui
793 5274 880 5329 euim·

95 5368 150 5412 tcto
162 5360 293 5416 credibile
306 5360 353 5423 luet
367 5362 453 5428 deos,
467 5364 624 5420 coelcstibus
638 5363 738 5421 relictis
752 5365 880 5435 sedibus,

95 5447 279 5510 issimulacris
300 5454 439 5523 institit-are,
456 5467 535 5530 atque
554 5458 642 5529 aliqua
657 5472 751 5515 corum
773 5460 882 5517 dedicu-

96 5540 158 5600 tiaue
176 5545 210 5601 ad
231 5562 263 5602 ea
287 5548 461 5604 irritabitauda
481 5550 626 5622 compelli?
640 5551 741 5607 Deinde
757 5553 778 5608 si
799 5554 826 5608 iu
840 5554 881 5610 cis

94 5647 192 5707 moper
212 5649 356 5708 mancam,
378 5640 443 5696 uibil
458 5640 508 5698 linc
523 5642 881 5702 destruemonemus&

94 5728 123 5782 ab
133 5730 171 5787 eis
202 5733 347 5804 aliquando
376 5732 521 5800 recedant,
551 5736 683 5792 incertum
714 5737 805 5809 utique
830 5738 882 5795 crit

93 5825 191 5901 grauido
220 5827 362 5885 simulacra
387 5828 495 5886 adorari
521 5830 648 5888 debeant.
674 5832 729 5890 Sed
753 5833 879 5906 agedum.

931 4897 1114 4956 faciendorum
1123 4916 1203 4957 causa
1215 4911 1304 4973 potest
1317 4900 1426 4957 adferri.
1441 4902 1499 4958 Nou
1512 4903 1583 4959 euim
1595 4904 1637 4960 his
1648 4904 1732 4960 sacri·
1808 4952 1814 4964 ,

932 4992 1000 5048 liciis
1013 4994 1184 5060 nutriuntur;
1215 4993 1432 5065 qrtaodoquitlem
1458 4995 1588 5066 quidquid
1615 4998 1732 5053 nutritor

932 5085 1047 5143 mortale
1060 5095 1112 5143 est.
1128 5086 1197 5155 Quid
1216 5100 1297 5154 rere,
1313 5086 1386 5157 quiid
1400 5102 1433 5143 ex
1449 5087 1506 5156 iris,
1530 5104 1589 5161 quae
1602 5090 1731 5147 altaribus

931 5176 1121 5247 admouentur,
1133 5178 1199 5234 uiltil
1213 5177 1249 5235 ud
1263 5179 1329 5236 deos
1342 5179 1481 5251 pertenit?

970 5271 1030 5328 Nou
1047 5272 1193 5344 uoluptatis
1207 5272 1289 5329 ctiam
1302 5288 1385 5330 causa
1400 5273 1453 5332 diis
1465 5273 1562 5332 bestiae
1580 5274 1729 5332 cuduntur.

933 5365 1053 5422 llortaiis
1068 5365 1201 5438 siquidem
1216 5366 1363 5436 udbucest,
1378 5369 1424 5440 qui
1438 5368 1590 5440 hujusmodi
1606 5367 1731 5426 adiicitur

932 5459 1123 5517 delectatione.
1150 5461 1303 5530 Quaerere
1328 5462 1355 5518 iu
1376 5463 1547 5520 innoxiorum
1572 5463 1729 5521 animalium

933 5552 1111 5619 uractatitme,
1133 5568 1214 5624 anua
1235 5555 1317 5611 etiam
1343 5554 1453 5611 immine
1473 5570 1546 5626 supe
1569 5555 1727 5623 abhorrent,

931 5652 1020 5717 potest
1030 5644 1081 5703 dits
1095 5661 1155 5703 esse
1167 5648 1310 5719 voluptatis
1325 5647 1471 5704 illecebra?

970 5739 1228 5813 popularisqutdeiu
1238 5757 1272 5799 ac
1283 5741 1401 5813 vulgaris
1410 5742 1505 5813 opinio
1514 5750 1575 5800 crat
1588 5741 1730 5800 sacriticiis

933 5834 1048 5892 deorum
1064 5835 1131 5897 iram
1146 5837 1258 5910 placari.
1275 5834 1328 5894 Sed
1342 5836 1391 5891 inc
1406 5843 1510 5904 motus,
1524 5835 1577 5894 diis
1592 5836 1728 5910 indiguus,
