4150 6250
145 323 207 378 153

724 318 903 377 otsstotn
922 316 1038 376 DCBIAE
1057 318 1234 388 Quotuttu.

1748 316 1799 378 tit

141 440 214 509 qnia
232 439 366 495 invisibilis
381 440 436 511 ipse
455 439 548 493 dicitur
566 440 578 511 l
593 438 624 495 S.
639 437 729 503 lanii..
746 454 769 502 t;
785 436 816 494 S.
839 434 945 503 tinulo,
961 440 1067 511 Aquod
1088 438 1264 494 absconditam
1285 439 1334 508 tuit
1357 456 1373 495 a
1395 438 1496 496 seculis
1515 448 1539 495 et
1558 454 1575 493 a
1596 437 1801 511 permotionibus

45 588 52 605 ,
141 547 227 600 xvn3
239 532 271 589 S.
283 531 381 597 liare,
392 547 436 599 nt:
452 531 569 615 S.Lue3,
585 548 628 597 nt;
643 530 737 596 lCor.,
749 546 795 597 tt,·
808 528 909 598 Colon,
923 548 948 594 t:

140 623 152 679 i
175 623 266 691 Tine,
286 626 327 695 ι),
352 624 436 681 Filius
458 641 522 681 reto
549 625 662 682 uisiltiiis
684 625 885 694 conprobatur.
916 624 947 682 iii

137 718 224 774 euim
238 719 391 788 ignomnies
401 718 552 774 diuinorum
565 718 762 788 scripturorum
771 729 798 774 et
812 719 948 788 apostolo-

137 830 212 869 rusn
248 815 317 883 juro,
352 831 384 869 es
411 815 521 886 proprio
543 822 588 868 um
604 814 757 869 nutriterino
781 829 862 868 seusu
886 814 948 870 totto

137 906 301 971 fabricent,
316 919 342 964 et
362 908 493 964 saturne
512 908 593 964 eundo
614 908 731 964 hdeiinm
757 919 878 981 quintum
895 907 947 981 (l).

136 1002 208 1059 Nus
220 1020 286 1059 reso
297 1005 330 1058 oti
342 1002 426 1074 ipsios
437 1002 519 1058 intotis
533 1003 663 1073 oripiuem
680 1004 830 1066 retleooms,
847 1019 879 1058 es
894 1016 948 1074 quo

139 1095 251 1151 Filium
277 1095 382 1151 Putrem
407 1112 516 1166 semper
544 1096 634 1153 ridere
662 1098 780 1166 potuisse
795 1095 837 1151 vel
858 1110 947 1164 posse,

139 1191 364 1247 evidentioribus
375 1192 536 1247 testimoniis
552 1191 654 1248 Veteris
668 1204 695 1247 et
703 1193 766 1249 n'ovt
783 1192 947 1248 intromitti

139 1283 250 1340 litteris
271 1285 417 1348 demontus,
430 1285 575 1343 Solomone
590 1287 696 1343 dicente
713 1304 720 1342 :
739 1287 784 1342 Est
797 1297 878 1341 inunt
903 1303 946 1342 sa·

141 1380 266 1451 pientio,
289 1398 344 1453 ane
356 1382 425 1437 oonit
446 1398 524 1452 opera
538 1396 591 1448 tun,
609 1398 666 1454 onte
676 1383 760 1456 adpetit
774 1382 818 1437 tihi
837 1398 893 1436 cum
908 1386 949 1454 sa·

142 1490 222 1529 ceres
247 1475 332 1530 orient
347 1485 482 1543 terraram,
503 1487 526 1531 et
545 1477 602 1545 ipsa
616 1478 683 1531 uouit
696 1477 757 1546 auid
776 1477 808 1531 sit
826 1477 948 1546 placitum

141 1564 325 1635 eormrlacrh‘s
335 1568 392 1623 tais.
401 1569 434 1625 Et
442 1569 569 1625 Dominus
579 1570 605 1625 io
615 1569 761 1642 Evorrgolin
772 1589 779 1623 ε
789 1568 872 1625 lilerno
880 1569 949 1624 norit

143 1658 252 1716 Filium
264 1662 313 1717 nisi
326 1659 415 1731 Pater,
430 1679 510 1727 neone
527 1662 629 1718 Putrem
639 1664 695 1729 atris
705 1664 773 1719 nouit
788 1663 838 1718 taisi
852 1661 945 1727 l'iiins,

139 1763 170 1807 et
185 1754 229 1807 cai
241 1755 348 1809 notuerit
358 1753 441 1810 Filias
457 1757 574 1811 renelure.
588 1756 622 1813 Et
636 1757 731 1813 iterum
746 1774 753 1810 ε
768 1753 850 1810 Nemo
865 1753 947 1810 ileum

1000 531 1011 604 l
1021 530 1148 603 ibidem).
1168 530 1233 587 item
1252 531 1307 587 ihi:
1331 530 1365 588 th
1386 531 1550 588 consolentur
1571 533 1753 587 sardaeorum
1773 532 1800 586 in

999 627 1135 683 altaritate.
1151 628 1176 681 iu
1191 644 1277 681 ornnes
1289 627 1392 681 diritius
1401 628 1591 696 adinipletionis
1606 626 1758 689 intellectus,
1774 628 1801 682 iu

999 718 1154 787 aperitionem
1174 720 1301 790 mpurrii,
1317 720 1385 788 qruod
1405 731 1440 775 est
1461 716 1599 785 Christus,
1620 720 1647 772 in
1666 736 1716 789 quo
1740 728 1800 774 sunt

999 827 1087 865 ornnes
1106 811 1221 865 thesauri
1241 813 1375 880 sapientiae
1394 823 1418 866 et
1437 811 1551 865 scientie
1570 811 1713 865 absconditi
1733 809 1802 883 (Ca-

1000 902 1073 965 lore,
1090 919 1106 958 ιι
1116 905 1137 975 i.
1155 904 1188 960 tr
1202 905 1225 957 iu
1242 907 1346 974 perimo
1359 920 1459 961 utut:
1474 902 1507 959 ln
1520 906 1585 959 ormi
1597 915 1635 959 est
1647 905 1687 958 nia
1701 914 1763 972 tra,
1776 914 1800 960 et

999 997 1097 1050 seuniae
1110 1009 1161 1050 tun
1174 998 1199 1051 in
1214 998 1287 1066 anuis
1300 998 1403 1063 multis,
1417 1008 1441 1053 et
1454 999 1557 1069 oestipia
1571 1009 1616 1052 tna
1628 1014 1680 1052 non
1693 1013 1801 1072 coporos·

999 1101 1098 1146 aentur.
1116 1091 1145 1145 Et
1164 1092 1189 1144 in
1203 1091 1364 1148 Solomone:
1379 1092 1540 1163 Sapientiam
1557 1091 1604 1148 oet
1617 1095 1799 1163 praecedentem

999 1184 1102 1245 omnia,
1118 1186 1174 1253 prus
1188 1184 1346 1255 inoestipnbit
1368 1182 1471 1258 (licei.
1487 1186 1534 1257 tii
1555 1185 1621 1241 item
1642 1187 1695 1241 ihi:
1713 1184 1800 1241 lindie

998 1277 1131 1347 sapientiae
1143 1278 1184 1332 aui
1197 1282 1306 1333 reuelato
1318 1280 1374 1333 est?
1389 1293 1411 1333 et
1425 1281 1534 1335 astntius
1547 1280 1616 1335 illius
1627 1283 1683 1353 quir
1696 1282 1800 1354 apnooit

998 1368 1138 1443 (liniendi
1150 1371 1212 1425 itetu
1223 1373 1257 1425 lin
1268 1371 1427 1437 :Disciplina
1438 1375 1571 1441 snpientia
1583 1374 1624 1428 cui
1638 1375 1800 1443 ritaniiestatu

999 1472 1045 1529 est,
1058 1473 1081 1518 et
1105 1464 1342 1530 otrtltipliautionent
1356 1465 1484 1535 inpressos
1506 1464 1575 1518 iilius
1596 1465 1653 1536 quis
1675 1465 1800 1521 intellexit

1000 1554 1157 1629 (ibidemil
1179 1557 1245 1614 item
1269 1559 1323 1614 ibi:
1346 1558 1474 1627 Quartinnt
1494 1557 1621 1613 otirahilia
1643 1567 1702 1614 sunt
1721 1574 1800 1628 opera

999 1650 1103 1705 hertoni
1121 1652 1219 1717 solies,
1239 1662 1263 1706 et
1278 1652 1389 1723 plarioso
1405 1662 1428 1707 et
1442 1652 1583 1720 absconsa,
1601 1664 1624 1707 et
1639 1669 1716 1723 opera
1729 1653 1799 1709 iltius

997 1747 1080 1801 inoisn
1093 1747 1236 1801 horroribus
1251 1747 1359 1821 (lieet,
1378 1746 1424 1820 ιι).
1443 1747 1511 1803 Eece
1526 1748 1595 1802 sient
1611 1747 1690 1803 Poter
1705 1747 1799 1803 inuisi·

140 1847 210 1901 sidit
224 1864 358 1918 sospitant,
381 1850 431 1905 nisi
454 1850 599 1922 nrripenitus
614 1849 706 1912 lilius.
726 1850 770 1921 qni
786 1859 823 1904 est
837 1849 863 1903 in
887 1848 945 1904 sinu
958 1855 983 1915 Β
998 1840 1060 1896 hilis
1071 1850 1127 1907 est,
1139 1841 1174 1896 itu
1189 1842 1268 1897 etium
1282 1852 1309 1896 et
1322 1840 1405 1897 Filius
1419 1841 1565 1896 irmeoitur.
1579 1840 1721 1910 Quomodo
1733 1855 1799 1910 ergo

140 1937 248 2006 Putris,
258 1941 312 2015 ipse
325 1944 449 1999 narrauit.
459 1943 494 1999 Et
506 1945 602 2001 iterum
616 1944 715 2001 iudaeis
726 1945 813 1999 tiixit:
831 1942 880 1999 i'os
894 1960 945 1998 uon

143 2037 229 2090 nostis
255 2054 332 2101 earn,
355 2055 401 2111 epo
419 2047 503 2092 nutem
524 2040 582 2093 noti
604 2056 673 2094 euos.
697 2038 773 2105 Quod
788 2038 810 2092 si
836 2039 943 2103 rlieera,

145 2129 211 2195 atrio
225 2145 272 2183 nan
286 2131 346 2184 noni
359 2147 434 2199 eunt,
461 2147 503 2185 ero
525 2131 616 2187 tinniit
638 2132 726 2191 uobis,
743 2132 861 2187 utendas.
880 2130 944 2186 item

144 2221 188 2277 iot
203 2240 210 2276 z
226 2222 445 2291 Quintinae,
460 2225 502 2281 hie
515 2227 583 2281 ttooit
602 2242 660 2281 enm
675 2244 681 2281 :
705 2226 740 2281 n
752 2230 848 2283 iterum
865 2245 872 2282 :
888 2224 945 2297 Epa

143 2317 206 2370 notri
216 2333 284 2382 eant,
296 2318 357 2385 asie
367 2317 399 2372 ah
409 2318 465 2388 ipso
476 2336 542 2375 snm.
556 2319 626 2376 Ecce
642 2320 781 2376 deterrimos
796 2321 856 2390 quio
872 2319 946 2375 videt

142 2424 255 2479 seroper
270 2409 355 2466 Filius
370 2411 489 2468 Putrem.
501 2414 642 2480 tiuonmtlo
660 2415 803 2471 triisnunnt
817 2430 878 2471 eon
895 2414 944 2470 Po·

143 2509 215 2558 trem
227 2518 281 2558 ooo
297 2519 376 2572 posse
389 2505 499 2571 videre,
513 2507 539 2563 in
553 2506 630 2576 euius
641 2507 700 2563 sion
710 2508 829 2563 troseitur
842 2523 945 2580 permu-

143 2594 233 2650 sterei
244 2594 275 2649 Si
287 2610 382 2651 serem
398 2612 479 2653 senso
494 2598 600 2654 divinus
622 2615 765 2656 recenseas
779 2598 944 2670 Seripttnos,

146 2686 273 2744 invenies
288 2690 434 2745 noosnhun
449 2691 558 2748 Putrem
573 2693 641 2750 Filio
654 2696 836 2750 testimoninm
853 2695 943 2766 periti·

143 2781 268 2848 benten,
289 2784 335 2839 sed
350 2794 432 2841 totoru
453 2787 534 2842 simui
555 2788 764 2859 inseparabilem
786 2791 942 2857 trinitatem.

143 2874 207 2945 ipso
220 2875 334 2931 Dourion
355 2889 533 2948 protestante,
547 2881 593 2951 otti
605 2881 643 2937 uit
659 2925 664 2936 .
682 2881 737 2954 Epo
749 2885 859 2953 errorqui
875 2888 946 2940 testi·

145 2967 259 3021 monisse
278 2971 398 3041 perhibeo
409 2972 441 3026 de
451 2988 491 3026 me
502 2973 567 3045 ipso,
593 2983 616 3029 et
639 2974 811 3030 testimonium
832 2978 945 3042 perhibet

146 3059 299 3132 aenean
327 3063 397 3118 misit
427 3082 476 3132 nte,
505 3062 585 3121 Pater
614 3066 656 3140 (S.
682 3065 776 3136 loon„
805 3066 875 3141 tut).
911 3070 945 3127 Et

143 3154 242 3210 iterum
258 3174 265 3211 :
280 3155 312 3212 st
331 3174 379 3229 epo
393 3159 563 3216 testimoninm
579 3160 697 3230 perhibeo
709 3160 741 3214 de
750 3162 855 3229 meipso,
872 3164 943 3217 testi·

996 1935 1031 1989 nit
1046 1933 1116 1999 iilis,
1133 1935 1177 2006 qui
1194 1935 1245 1990 hoe
1257 1935 1346 1990 hinnu
1364 1934 1434 2004 nutrit
1456 1933 1619 1997 innatantia,
1635 1935 1661 1988 itt
1677 1931 1796 2005 eoquod

997 2027 1076 2082 nobis
1088 2028 1233 2083 corrroliter
1247 2042 1277 2082 se
1290 2027 1375 2083 uideri
1389 2027 1515 2096 digtmtus
1524 2037 1582 2088 est,
1595 2024 1676 2080 Pone
1687 2024 1799 2081 inierint

994 2118 1151 2191 irretientur?
1175 2120 1287 2176 iaiihos
1311 2121 1394 2175 nolite
1414 2120 1527 2175 eredere
1551 2133 1616 2185 uos,
1637 2126 1665 2173 rt
1682 2118 1751 2173 alios
1765 2117 1799 2173 sit

997 2227 1090 2267 eorttm
1104 2227 1185 2267 sensu
1196 2223 1320 2268 evertere
1330 2214 1435 2268 strreete.
1453 2210 1504 2267 i'as
1516 2229 1576 2284 erpo
1587 2213 1678 2267 semite
1690 2212 1799 2267 llamtno

996 2306 1023 2361 in
1038 2307 1144 2370 thunre,
1161 2317 1184 2361 et
1199 2308 1312 2363 seruitute
1336 2309 1360 2363 ei
1374 2324 1431 2362 cnut
1447 2317 1554 2362 tremore
1568 2304 1661 2379 (Psal.
1677 2304 1725 2379 tt)
1743 2307 1798 2379 Αρὲ

997 2403 1146 2472 prehendite
1160 2402 1341 2472 disciplinans,
1359 2419 1391 2457 ns
1404 2402 1512 2473 pereatis
1531 2402 1563 2456 de
1581 2402 1621 2455 tia
1637 2402 1718 2471 justa.
1735 2400 1799 2457 fler

997 2507 1062 2548 uero
1078 2492 1150 2564 (et,
1166 2511 1193 2564 q.
1209 2495 1236 2549 t.
1256 2494 1275 2547 h
1295 2504 1365 2548 reem
1384 2509 1444 2563 erpo
1464 2490 1533 2562 pate)
1553 2492 1737 2561 apostotorum
1757 2501 1800 2548 est

997 2587 1057 2639 uiro
1073 2585 1191 2652 traditio,
1204 2586 1263 2641 hue
1273 2601 1334 2642 tero
1345 2586 1474 2648 einritos,
1489 2602 1549 2658 qun
1564 2584 1798 2654 predicantem,

996 2693 1029 2733 oe
1044 2678 1179 2734 ueraciter
1192 2679 1326 2750 diligendo
1342 2696 1374 2735 oe
1389 2678 1521 2744 lovennis,
1539 2689 1619 2751 atque
1639 2678 1798 2736 ntuctattrer

997 2771 1032 2827 oh
1045 2770 1173 2827 omnihus
1189 2773 1316 2827 tenendo.
1331 2772 1394 2828 lieo
1407 2783 1498 2828 sortem
1512 2783 1540 2829 et
1552 2772 1698 2842 apostolico
1713 2782 1800 2828 trister

997 2863 1118 2919 omniunt
1132 2863 1309 2920 ecelesiarum
1326 2866 1426 2939 (Apath
1451 2881 1493 2934 ep.
1506 2868 1540 2919 ad
1552 2864 1640 2921 Caust.
1654 2863 1736 2934 ltnp.,
1745 2874 1797 2920 aci.

996 2972 1034 3012 tt.
1050 2973 1123 3012 cone.
1140 2973 1165 3012 vt
1180 2958 1355 3028 oeerrrneuiei).
1380 2956 1481 3014 Christi
1503 2958 1638 3019 necteria,
1665 2973 1725 3028 (μευ
1751 2971 1799 3029 ρει

998 3051 1043 3106 Dei
1059 3051 1253 3124 omnipotentis
1268 3053 1399 3126 gentium,
1417 3069 1432 3107 a
1449 3054 1556 3107 truntite
1573 3051 1729 3124 apostolico·
1745 3060 1799 3107 tto·

996 3144 1107 3200 ditionis
1121 3161 1266 3218 utrumquem
1278 3162 1386 3202 errasse
1403 3146 1541 3216 peninon,
1555 3162 1603 3201 uec
1616 3145 1650 3202 ob
1664 3145 1798 3201 ltaeretieis

141 3249 257 3303 mium
273 3267 361 3305 mm
384 3267 471 3307 mm
484 3255 600 3324 appui„
613 3255 666 3309 περ
682 3253 750 3309 ,mee
762 3256 842 3320 mro,
858 3266 882 3311 ,p
895 3254 982 3328 (μσς
999 3239 1163 3293 novitatibus
1175 3240 1349 3309 depravando
1361 3240 1524 3306 siret-ohuit,
1538 3240 1586 3296 sed
1602 3250 1631 3295 ut
1645 3239 1671 3294 in
1686 3240 1799 3295 exordio

140 3342 208 3398 rada
227 3343 363 3419 (ibidem).
386 3347 419 3403 iit
441 3347 475 3403 de
489 3348 590 3415 Spiritu
614 3351 738 3408 Soneio:
761 3350 826 3407 Cum
849 3354 943 3407 venerit

141 3435 298 3496 Paracletus
305 3442 413 3514 spiritus
423 3444 545 3508 enitatis,
559 3444 605 3500 iiie
618 3448 788 3501 testimouium
804 3447 943 3516 perhibebit

140 3533 175 3586 de
187 3551 229 3588 nse
241 3533 345 3604 (toan,
363 3542 424 3602 xv).
444 3534 673 3612 intendentem,
688 3541 790 3595 intende
811 3543 941 3612 quoniam,

142 3624 171 3678 in
184 3627 272 3696 onibus
286 3644 338 3682 una
349 3631 534 3699 testificationis
543 3633 622 3686 nirtns
635 3633 793 3702 asterrdimr,
809 3636 897 3691 nulius
910 3635 942 3691 ob

144 3721 198 3776 alta
207 3740 285 3794 nepus
298 3725 384 3796 potior
397 3742 476 3796 neque
484 3726 591 3795 interior
597 3727 741 3797 judicatur.

179 3814 356 3883 ile-&epioe
370 3818 419 3871 isto
427 3816 682 3888 prosilitittttrs,qtti;r
691 3819 838 3874 secutnlmn
847 3819 886 3895 (i)
894 3819 942 3875 ito·

141 3913 225 3966 tniois
241 3910 356 3967 utronno
370 3910 453 3966 Filios
466 3912 581 3967 visibitis
595 3913 703 3974 dicitrn,
717 3914 863 3968 secutuiutn
879 3930 942 3972 teto

145 4004 253 4060 deitstis
265 4005 443 4060 substantiam
460 4004 602 4060 irnisilniis
618 4004 786 4074 pretiatur,
804 4005 887 4062 Ponto
902 4017 942 4064 oi·

146 4106 260 4153 munte
268 4098 410 4167 sprsstoio:
421 4098 571 4163 (toltitudo,
580 4099 678 4169 ineptit,
687 4098 833 4152 diuitiarum
841 4101 941 4169 supien-

143 4192 188 4246 ιιι
200 4203 223 4245 et
236 4191 349 4247 scietttioe
360 4190 425 4244 liei!
434 4207 509 4262 poam
522 4191 787 4262 incomprehensibilia
800 4203 858 4247 suerri
868 4194 942 4264 judi·

141 4287 181 4339 rin
195 4302 265 4356 epus,
284 4296 308 4339 et
322 4285 509 4356 inoestipohiles
524 4286 571 4340 trior
584 4287 638 4357 rp‘rn
654 4286 763 4358 (lion,
784 4303 809 4342 ιιι
820 4286 847 4357 l!
866 4288 899 4343 Ei
914 4290 940 4343 in

139 4378 224 4435 isaia:
241 4377 291 4434 Cui
304 4380 414 4434 siruilem
427 4380 558 4435 tes-'immin
573 4396 647 4447 ειιιιι,
662 4397 720 4434 eum
734 4381 766 4435 sit
781 4384 835 4451 ipse
849 4383 939 4437 irruiti-

139 4474 197 4529 bilis
213 4473 321 4547 (isui.
341 4489 375 4527 st
386 4472 414 4544 i?
429 4473 463 4528 Et
488 4475 551 4530 item
579 4476 726 4545 Apostolos
748 4495 753 4530 :
772 4476 840 4530 ilihi
855 4490 940 4532 oirtent

138 4569 245 4621 surano
260 4566 373 4620 ootnium
388 4579 534 4620 sartetormn
549 4567 609 4620 dato
624 4578 660 4620 est
673 4572 756 4639 pratia
771 4571 825 4624 iraec
840 4571 865 4625 in
878 4589 938 4642 pen·

995 3350 1120 3391 uontmm
1134 3335 1194 3391 ihiei
1208 3335 1363 3392 christiane
1377 3335 1498 3406 percepit
1512 3335 1547 3390 ait
1560 3335 1717 3390 uttctoriims
1728 3334 1796 3402 suis,

994 3429 1179 3499 apostolorum
1194 3427 1294 3485 Christi
1316 3428 1501 3499 principibus,
1522 3427 1625 3483 illibato
1646 3427 1699 3481 hoe
1719 3438 1798 3483 tenus

994 3534 1103 3584 monet.
1118 3522 1269 3580 seeundum
1286 3523 1371 3595 ipsius
1388 3519 1492 3578 notoni
1508 3521 1656 3576 Soluntoris
1676 3520 1795 3576 divisium

995 3619 1236 3687 poilieitotiouem,
1251 3618 1296 3689 qui
1311 3632 1420 3672 suornm
1435 3615 1627 3687 discipulorum
1642 3614 1754 3686 principi
1768 3612 1795 3667 in

994 3714 1050 3769 nnis
1064 3713 1134 3767 lotus
1147 3723 1188 3769 esi
1201 3711 1364 3779 erurtpelhs:
1379 3709 1474 3774 Petro,
1490 3710 1631 3782 inqtriens,
1646 3725 1703 3765 ecee
1716 3708 1795 3765 Sata·

994 3821 1041 3859 nus
1054 3806 1173 3876 eapetirit
1194 3814 1219 3858 ot
1234 3804 1357 3859 cribraret
1369 3820 1423 3870 nos,
1435 3804 1500 3857 sicut
1510 3811 1552 3874 qni
1564 3803 1657 3858 cribrat
1670 3803 1792 3858 triticum.

995 3898 1052 3969 Epo
1066 3909 1149 3950 antero
1164 3913 1210 3964 pra
1225 3907 1250 3950 te
1262 3897 1368 3968 ropaui,
1384 3906 1412 3950 nt
1427 3912 1479 3949 nan
1494 3896 1599 3964 deliciet
1612 3897 1677 3964 fides
1690 3906 1754 3960 trra:
1769 3906 1793 3950 et

994 4005 1021 4050 tu
1031 3991 1171 4062 aliqnando
1184 4007 1328 4055 conspersus,
1341 3991 1465 4058 confirma
1477 3991 1569 4060 tratres
1582 3998 1638 4044 tuas
1652 3989 1691 4059 (S
1715 3986 1794 4055 lano,

994 4105 1054 4146 stu
1065 4087 1084 4157 ).
1096 4085 1256 4142 Currisideret
1273 4085 1362 4154 inque
1378 4092 1466 4138 uestra
1482 4081 1620 4137 excellens
1635 4081 1793 4151 prudentio,

994 4199 1075 4256 qurum
1097 4181 1197 4237 horrnm
1219 4180 1255 4232 sit
1276 4178 1423 4248 persistere
1444 4176 1471 4231 in
1494 4175 1698 4247 dispensatione
1719 4175 1797 4231 robis

992 4275 1112 4338 credito,
1128 4282 1156 4325 et
1171 4272 1195 4325 in
1214 4269 1265 4325 ilde
1281 4277 1371 4334 teeto,
1386 4279 1467 4339 rttqrte
1490 4268 1624 4323 itnretieis
1642 4278 1669 4323 rt
1689 4269 1795 4323 {eurulis

993 4366 1094 4421 Christi
1115 4377 1282 4434 repugnate,
1297 4372 1325 4417 et
1343 4377 1488 4433 numquam
1510 4376 1524 4416 o
1545 4362 1666 4418 ueritatis
1688 4364 1794 4418 tramite

993 4459 1142 4515 uectium-e.
1167 4456 1299 4523 Quoniam
1323 4454 1452 4509 Dotttirms
1471 4465 1499 4511 et
1515 4455 1639 4510 Soluntor
1652 4458 1792 4521 onmium,

992 4555 1070 4624 etrjtts
1084 4552 1151 4607 indes
1164 4561 1221 4616 est,
1236 4551 1281 4621 nni
1298 4566 1346 4618 pro
1360 4549 1438 4604 nohis
1452 4548 1520 4604 moti
1536 4562 1589 4603 sion
1603 4548 1751 4615 tlohitnrit,
1766 4557 1795 4605 et

139 4661 220 4722 tibus,
236 4660 410 4731 ampelium
424 4660 608 4732 irtoestipnhiies
623 4660 725 4716 diuitias
738 4661 849 4726 tilpini,
870 4673 893 4716 er
908 4664 939 4718 tt.
953 4676 977 4736 D
991 4648 1102 4719 prttptio
1116 4664 1165 4702 uns
1179 4662 1229 4701 suo
1244 4644 1358 4701 tetletttit
1373 4645 1521 4716 sunguine,
1538 4643 1618 4700 ltdetu
1634 4644 1704 4700 beuti
1721 4644 1794 4699 Petri

140 4757 266 4810 isariosre
282 4771 383 4820 nutries,
398 4769 455 4824 quae
468 4755 500 4809 sit
515 4755 648 4825 dispositio
662 4757 815 4810 sacrarnnui
833 4756 939 4812 abscon·

138 4849 185 4902 diti
199 4865 216 4901 a
230 4848 348 4908 seretis.
364 4849 391 4900 itt
406 4846 496 4918 poribus
515 4849 601 4901 orrrnin
616 4850 708 4903 crearit
724 4849 734 4922 (
748 4849 857 4920 optes..
875 4867 903 4905 ttt
915 4852 938 4924 i.

141 4940 206 4997 item
223 4942 298 5011 ipse·
317 4940 369 5008 Qui
382 4949 428 5003 est,
442 4944 490 5005 ait,
503 4942 588 5012 imapa
602 4941 648 4995 liei
659 4942 793 4998 introibitis
807 4942 937 5016 (Chloen,

143 5033 181 5104 ti.
195 5035 227 5089 ts
238 5032 272 5087 :td
284 5032 478 5088 colossenses:
492 5031 547 5104 lino
562 5031 662 5088 l'anlus
676 5034 799 5099 ntinister,
813 5038 857 5107 qui
871 5052 940 5091 nuuc

145 5128 239 5200 pendeo
250 5129 278 5183 in
291 5127 455 5197 passianihns
474 5128 536 5180 tutis
556 5143 602 5197 pro
617 5127 700 5193 ratis,
722 5138 746 5181 et
760 5128 867 5199 stippieo
881 5143 939 5198 pute

144 5224 232 5274 aean
247 5220 439 5276 tribulatiomnn
454 5218 549 5275 Christi
567 5221 594 5276 itt
608 5237 684 5275 carue
699 5238 754 5275 urea
769 5238 815 5291 pro
831 5238 939 5290 corpore

144 5314 216 5383 ipss,
230 5317 293 5383 qood
306 5325 345 5369 est
362 5313 492 5379 lienteria,
508 5315 581 5382 euius
597 5317 679 5386 tactus
693 5332 749 5370 sunt
765 5333 810 5386 epo
824 5315 938 5371 minister

140 5409 277 5463 monton
299 5410 513 5480 dispensationem
530 5409 576 5465 ho·
590 5411 616 5466 in
639 5412 805 5467 ministerium
824 5411 936 5482 Christi,

174 5567 335 5642 rittotests
349 5567 440 5625 ithacii
457 5569 518 5624 ndu.
535 5569 707 5627 ioriouuiunt
720 5571 860 5640 Arionium,
876 5590 936 5646 cop.

135 5641 317 5782 &pochim
333 5655 482 5714 eorumque
506 5641 597 5700 titulos
607 5684 617 5713 ,
628 5657 709 5715 atqtte
731 5647 793 5702 iude
814 5648 938 5703 trondem

135 5785 325 5925 teii'rillllcii
340 5799 401 5860 ⁶²1³·
417 5783 465 5859 ²⁰,
480 5759 535 5863 eoo
554 5788 718 5848 mentionem
732 5788 791 5846 iteri
805 5790 879 5850 rides
894 5807 940 5848 su·

163 5909 166 5914 ,
198 5879 213 5910 u
283 5897 289 5909 .

991 4758 1045 4798 non
1067 4740 1234 4796 delecttnont
1255 4740 1395 4811 promisit,
1409 4751 1436 4795 et
1449 4740 1610 4793 cottiirntote
1623 4754 1684 4793 eom
1699 4741 1794 4794 iratres

990 4850 1056 4890 surm
1075 4833 1215 4890 odrrronuit
1234 4852 1241 4889 ε
1263 4832 1335 4903 quiid
1357 4828 1522 4901 :rpostolicos
1545 4829 1701 4898 pontiiiees,
1725 4843 1792 4883 rnen

990 4925 1143 4996 exiguitatis
1166 4924 1396 4995 predecessores,
1412 4920 1579 4975 ctrtthdeuter
1596 4922 1705 4985 iecisse,
1721 4934 1792 4975 sem·

992 5038 1041 5093 per
1052 5019 1158 5076 cernetis
1172 5028 1214 5073 est
1226 5019 1375 5087 unguntum.
1390 5015 1512 5083 Qumum
1525 5026 1552 5069 et
1566 5015 1700 5085 pusillitas
1713 5030 1789 5079 iiten,

990 5118 1053 5174 iicet
1067 5119 1153 5187 innon
1165 5124 1192 5170 et
1206 5112 1326 5176 tuiuimn,
1343 5128 1390 5182 pm
1404 5121 1530 5180 suscepto
1541 5119 1630 5167 tuttten
1646 5109 1735 5164 diviua
1751 5110 1791 5166 di·

989 5213 1117 5284 geratione
1137 5208 1303 5271 tninisterio,
1328 5205 1471 5277 pedisequo
1493 5209 1567 5279 eupit
1589 5206 1716 5261 existere.
1744 5205 1791 5260 i'ur

990 5309 1062 5364 eninr
1076 5304 1154 5360 uoltis
1166 5306 1235 5368 etit,
1249 5303 1294 5371 otti
1307 5301 1388 5370 injus
1399 5301 1539 5356 ruinistetii
1553 5317 1621 5356 otrus
1634 5308 1788 5371 susceptum

991 5402 1131 5459 tutemus.
1145 5399 1168 5453 si
1185 5401 1323 5453 ueritatem
1337 5395 1487 5450 Solomonis
1501 5395 1584 5449 nostri
1597 5393 1661 5448 iesu
1675 5391 1792 5462 Christi,

990 5510 1071 5565 quom
1092 5491 1207 5560 aptistoii
1230 5490 1465 5562 praedicaret-unt,
1490 5486 1636 5558 prndiezne
1661 5487 1788 5557 neglexe-

989 5586 1087 5640 rimus.
1103 5582 1149 5637 ἰω
1163 5583 1213 5638 etit
1229 5582 1324 5644 uiuitis,
1341 5585 1362 5636 si
1376 5582 1483 5636 silentio
1497 5580 1635 5633 ueritutnn
1648 5594 1791 5651 oppresse·

989 5678 1092 5742 rioms,
1111 5692 1193 5750 quintu
1208 5691 1321 5747 erogare
1336 5672 1522 5729 nurumuinriis
1533 5671 1671 5742 jubemur,
1688 5671 1714 5726 id
1729 5678 1789 5738 est,

990 5769 1156 5828 elisistiooos
1166 5770 1279 5842 populos
1295 5767 1415 5823 irrshuere
1429 5775 1456 5822 et
1466 5765 1575 5825 dooere.
1587 5764 1657 5835 Quid
1668 5766 1693 5818 in
1705 5763 1791 5836 ipsius

991 5862 1083 5919 luttruo
1096 5861 1196 5917 Cimini
1213 5861 1309 5916 rlirtrui
1326 5876 1419 5914 snmus
1435 5862 1578 5926 enotuine,
1593 5861 1616 5915 si
1632 5874 1790 5914 semitonum
