4150 6250
289 289 344 349 ubo
694 283 740 341 DE
758 283 787 342 S.
807 273 992 339 VICTORINO
1010 272 1065 334 BP.
1085 271 1256 348 nubunt.
1270 270 1538 332 radesponam.
1884 263 1939 322 aab

288 410 318 467 S.
331 407 473 478 Victorini)
488 401 653 480 (lletlsujus
666 395 1127 467 FiliumCltristomsanteorigi-A
1176 393 1307 449 Editiones
1333 409 1439 463 opernm
1462 391 1492 448 S.
1526 386 1652 443 Victorini
1682 380 1883 440 petavionensis.
1902 411 1941 421 -

289 517 353 559 nem
369 493 459 557 saculi
479 493 549 569 apud
562 495 671 552 Patrem
689 494 819 564 genitum,
835 491 971 547 bominem
986 489 1086 543 laetum
1139 485 1294 542 Tractatum
1302 486 1387 541 saneti
1397 483 1539 550 Victorini,
1551 479 1704 536 del'abrica
1719 474 1823 540 otustdi,
1836 474 1941 545 primns

290 594 317 650 in
328 595 417 648 anima
431 606 493 646 reta
509 595 535 646 et
546 603 637 652 cortic,
655 596 769 658 utraque
781 579 889 641 miseria
903 593 931 638 et
943 593 1030 637 morte
1040 579 1088 635 de·
1139 579 1224 637 edidit
1236 581 1351 642 Carens,
1362 589 1427 634 torn.
1437 595 1445 633 t
1456 577 1521 633 llist.
1535 575 1617 631 litter.
1630 572 1806 643 descriptor.
1820 567 1942 638 Eccles,

289 684 444 748 sistartia
458 683 553 747 coelos,
566 695 627 736 cum
642 693 756 751 corpore
767 695 782 732 a
794 673 872 733 Patre
883 684 1031 747 receptum,
1046 669 1088 728 el·
1140 689 1200 746 pop.
1216 673 1280 740 tbi,
1296 672 1422 738 Londioi,
1439 671 1466 726 io
1485 669 1542 730 iol..
1560 667 1641 734 tosa,
1654 680 1780 722 recusum
1795 679 1857 719 cum
1870 678 1943 718 uon-

289 777 391 834 ludisse
407 777 535 874 Spiritum
550 781 680 838 sanctum,
706 765 806 828 donum
820 765 848 828 et
863 769 958 842 pignus
978 769 1089 825 immor·
1140 765 1222 821 nullis
1236 766 1307 822 rsotis
1320 763 1423 821 criticis
1435 763 1471 819 cl.
1485 760 1619 828 Wallreri,
1635 759 1742 825 Orottii,
1754 757 1837 821 tttb,
1848 765 1876 812 et
1891 756 1944 812 Ba-

290 872 407 928 talitatis.
422 890 432 924 ι
1140 859 1223 928 silete,
1249 859 1330 926 llll,
1346 874 1362 914 a
1384 873 1445 929 pap.
1469 855 1622 921 sss-151,
1640 854 1666 909 in
1680 852 1796 909 Historia
1811 851 1945 907 litteraris

327 961 433 1036 Septem
456 965 525 1021 dono
545 959 660 1035 Spiritus
680 963 774 1018 sancti.
786 990 822 1003 —
836 949 866 1016 lo
881 955 1031 1030 fragmento
1056 955 1090 1012 de
1140 949 1233 1006 darei.
1256 949 1344 1021 Atque
1358 950 1426 1005 ltaoe
1441 937 1606 1021 postremam
1624 947 1649 1001 itt
1664 944 1819 1003 recudenda
1832 943 1883 999 boc
1898 943 1946 998 Vi·

290 1058 403 1115 Fabrica
418 1058 522 1121 muudi,
542 1057 577 1113 de
599 1063 701 1128 septem
726 1049 805 1110 donis
825 1049 942 1122 Spiritus
963 1048 1048 1105 sancti
1061 1048 1090 1104 in
1140 1042 1238 1098 ctoriui
1255 1042 1405 1114 lragmento
1418 1052 1528 1097 secutus
1551 1050 1592 1098 est
1616 1040 1761 1097 editionem
1785 1036 1947 1094 Gallaodius

290 1155 364 1210 hunc
377 1152 487 1209 modum
502 1149 612 1207 disserit
627 1149 666 1221 (i)
684 1166 691 1203 ι
712 1168 722 1200 ι
741 1146 773 1202 lli
789 1155 891 1217 septem
908 1143 1024 1214 Spiritus
1038 1157 1089 1197 no·
1141 1137 1167 1192 iu
1180 1136 1348 1193 Bibliotheca
1362 1146 1483 1193 veterum
1498 1135 1617 1200 Patrum,
1636 1142 1701 1189 tom.
1726 1149 1763 1197 ιι,
1780 1148 1806 1202 p.
1822 1131 1946 1195 tb-as,

292 1247 364 1303 mina
379 1254 441 1301 sunt
454 1257 548 1300 corum
573 1241 700 1313 Spiritus,
723 1238 769 1309 qui
790 1253 871 1309 supra
892 1234 1028 1292 Christum
1043 1233 1091 1289 Dei
1141 1245 1221 1299 puato
1238 1246 1314 1285 nsore
1329 1245 1378 1285 suo
1391 1230 1417 1284 in
1433 1228 1536 1301 aliquot
1549 1228 1683 1284 sectiones
1698 1226 1800 1294 divisit,
1816 1226 1947 1296 auxitque

292 1339 483 1411 requieverunt
496 1334 599 1407 (isoio,
615 1334 664 1402 st).
681 1331 822 1388 Summum
846 1344 910 1400 ergo
936 1326 1034 1383 coelum
1049 1340 1092 1378 sa·
1144 1322 1279 1379 nonnuliis
1292 1321 1538 1379 observationibus.
1795 1351 1809 1400 p

294 1431 421 1506 pientiae,
447 1429 595 1486 seeundum
622 1423 797 1488 intellectus,
829 1419 936 1477 tertium
966 1416 1090 1483 cortsilii,
1179 1414 1286 1471 Scirolia
1311 1414 1342 1472 S.
1365 1414 1490 1470 Victorini
1507 1414 1947 1488 Petobioncust'sinApocolppsin,

291 1533 417 1599 quartum
432 1522 550 1584 uirtutis,
566 1519 688 1590 quintum
703 1515 835 1578 scientias,
852 1522 957 1570 sertum
971 1509 1091 1583 pictatis,
1144 1514 1282 1580 Bononia,
1312 1512 1382 1578 in-8,
1406 1529 1420 1567 a
1445 1513 1543 1570 basilio
1567 1512 1696 1578 llillaoio,
1726 1515 1807 1578 teat,
1830 1515 1949 1585 primum

292 1618 437 1690 septimum
451 1613 556 1670 timoris
568 1612 626 1667 ilci.
638 1608 786 1680 iincipitur
800 1606 913 1662 uerbum
925 1620 988 1659 cum
1003 1603 1092 1657 iucem
1144 1607 1225 1675 edito,
1251 1618 1278 1663 et
1300 1605 1472 1665 aGallandio
1492 1609 1520 1664 iu
1544 1607 1739 1664 bibliothecam
1756 1618 1878 1665 veterum
1894 1609 1950 1665 Pa·

293 1711 366 1778 iecit,
380 1708 511 1780 sapientia
528 1712 657 1769 vocatur3
679 1718 739 1758 cum
763 1700 874 1766 coelum,
900 1697 1057 1753 intellectus
1084 1714 1090 1749 ε
1145 1710 1214 1757 trum
1238 1711 1345 1771 recepta
1369 1700 1455 1766 luere,
1478 1701 1532 1755 rol.
1548 1717 1584 1766 tr,
1601 1716 1662 1772 pap,
1677 1700 1795 1758 52-6t.
1818 1701 1953 1773 bonimio

292 1807 467 1860 conterram
487 1807 515 1856 et
536 1811 619 1863 snare,
645 1781 887 1850 consiliatoz'cum
911 1791 1038 1845 solennes
1055 1788 1244 1863 itt-Bborom
1275 1794 1390 1850 duorum
1425 1794 1617 1865 opusculorum
1653 1794 1764 1852 exbibet
1796 1795 1956 1851 irrdetessos

294 1903 541 1966 nameaeteraquc,
557 1884 1097 1955 clararirtus31errooacrumisereitat
1146 1887 1178 1943 P.
1204 1888 1359 1946 bominieus
1385 1888 1582 1956 Schrammius,
1607 1897 1674 1945 tour.
1700 1905 1761 1958 mu,
1789 1905 1805 1945 a
1831 1905 1892 1962 pap.
1916 1887 1956 1946 9,(

292 1987 422 2056 seientia;
447 2004 508 2045 eum
530 1985 665 2041 bominem
687 1984 773 2046 llunil,
798 1971 884 2054 pietas
904 1998 911 2034 ι
933 1995 994 2035 eum
1009 1975 1096 2033 honri·
1149 1980 1235 2038 -56,·

295 2099 356 2142 nem
366 2077 717 2144 benedixitmcsaoetillcat,
727 2077 808 2132 timor
819 2075 865 2130 bei
877 2088 975 2129 nomen
986 2071 1093 2127 babet.»
1184 2075 1386 2134 conrmommim
1408 2079 1441 2136 s.
1470 2077 1592 2135 Victorini
1613 2079 1639 2134 irs
1663 2077 1848 2151 Apocalypsin,
1875 2077 1956 2150 cujus

329 2179 463 2251 ieiunium
485 2178 512 2232 iu
534 2173 687 2229 Porosceac.
712 2172 770 2227 Dici
797 2169 937 2226 Dominicrc
960 2167 1097 2225 celebratio
1149 2171 1296 2230 editionum
1317 2175 1432 2245 primam
1458 2173 1598 2245 bucusque
1625 2173 1787 2247 lpnorolita
1803 2173 1898 2230 scribit
1917 2172 1956 2230 cl.

296 2274 487 2344 Sabiotttotpnc
517 2270 543 2324 iu
572 2265 734 2323 Dorrtiaicorn
759 2276 896 2321 mutatum.
920 2295 956 2305 -
978 2259 1099 2318 lleruiuit
1150 2265 1378 2333 Albiubrieius,
1394 2264 1462 2321 brot.
1480 2266 1546 2321 med.
1564 2266 1698 2335 ctinlirnor
1720 2243 1866 2331 latinitatis,
1884 2274 1958 2322 rom.

295 2370 377 2426 etiam
392 2374 503 2422 sauctus
517 2361 673 2418 Victorinus
687 2359 879 2418 celebrationis
901 2357 1100 2422 demissiorem
1151 2377 1190 2427 rr,
1205 2362 1256 2418 lib.
1276 2361 1323 2428 ab,
1347 2379 1408 2434 pag.
1429 2361 1494 2425 295,
1516 2361 1583 2419 edit.
1606 2360 1703 2423 Marsi,
1729 2360 1812 2427 liat,
1839 2360 1959 2428 Patavii,

295 2463 391 2519 mutati
404 2457 509 2515 sabbati
523 2457 550 2511 in
566 2454 747 2521 dominicam,
762 2453 825 2508 dum
844 2456 880 2507 iet
901 2451 1020 2522 loquitur
1034 2447 1073 2523 li)
1090 2466 1097 2503 :
1151 2454 1229 2522 irs-l)
1243 2455 1333 2510 illatus
1354 2464 1398 2512 est
1416 2465 1510 2526 postea
1526 2455 1552 2509 io
1568 2453 1749 2510 bibliothecas
1762 2464 1879 2524 patruus,
1903 2452 1961 2508 Ps-

300 2535 1100 2618 tEtttlcxearelongiuseuarrcm:Ecceqnotuoraui-
1153 2550 1310 2617 pjsrprffipm,
1340 2550 1374 2605 de
1402 2547 1568 2613 annosam,
1592 2546 1960 2623 ampppdomdm,

297 2646 378 2705 malla
388 2653 451 2700 ante
466 2645 592 2699 thronum
608 2639 667 2707 bei,
681 2650 798 2711 quatuor
813 2637 972 2709 Evangelia,
986 2645 1100 2708 quatuor
1152 2643 1314 2709 spirensem,
1327 2658 1388 2715 pag,
1405 2643 1459 2699 prr
1474 2641 1589 2704 -Ml,
1613 2651 1679 2697 pm„
1695 2656 1735 2697 m,

297 2741 408 2800 liumiua
429 2739 456 2795 in
480 2733 605 2810 paradiso
626 2733 748 2802 bustula,
773 2743 887 2804 quatuor
909 2730 1101 2803 generationes
1189 2735 1314 2791 carmina
1327 2735 1391 2799 diro,
1404 2735 1436 2790 ric
1448 2734 1512 2790 iesu
1523 2735 1635 2802 cbristo,
1648 2733 1736 2790 Dcoct
1747 2735 1960 2800 monacorum,

297 2836 459 2911 populorum
474 2833 509 2889 ab
530 2831 616 2887 Adam
639 2823 771 2901 usquead
784 2825 851 2893 Noe,
868 2841 882 2879 a
897 2823 954 2881 Noe
970 2820 1102 2893 usquead
1153 2829 1267 2883 alterum
1290 2827 1325 2883 de
1346 2826 1459 2892 Porcio,
1483 2843 1530 2884 seu
1552 2826 1653 2898 lignum
1666 2827 1729 2883 ultae
1743 2828 1912 2898 inscriptum,
1930 2803 1963 2883 t‘ts

298 2930 448 2996 abraham,
473 2926 507 2982 ab
530 2922 666 2980 Abraham
681 2936 765 2992 usque
780 2919 814 2974 td
827 2917 949 2990 Moysen.
972 2932 988 2972 a
1010 2915 1103 2987 M0yse
1154 2917 1275 2993 Gregorii
1289 2920 1403 2976 Fabricii
1418 2931 1557 2992 poetarum
1569 2932 1692 2977 veterum
1712 2921 1964 2978 ecclesiasticorum

298 3022 431 3096 usquead
444 3015 736 3077 Cluristumbomiuum
748 3007 846 3068 Filium
861 3007 928 3066 bei:
945 3010 993 3065 ilie
1008 3008 1103 3079 qoimo
1155 3015 1282 3085 operibus
1294 3014 1460 3077 christianis,
1478 3031 1538 3086 pag.
1552 3016 1616 3080 idi,
1631 3016 1763 3086 impressa
1776 3015 1923 3072 habentur.

301 3128 373 3174 terra
384 3124 411 3172 ct
422 3130 489 3185 aqua
506 3109 587 3167 loetus
603 3124 667 3166 suos
682 3106 836 3164 ediderunt.
854 3105 901 3160 ilie
917 3113 997 3161 sexto
1010 3116 1102 3160 creata
1192 3107 1232 3165 Ad
1246 3108 1304 3164 bruc
1318 3107 1383 3165 laisa
1395 3107 1536 3165 Victorino
1549 3108 1685 3180 adscripta
1701 3109 1830 3182 opuscolo
1843 3109 1966 3180 pertinet

300 3217 374 3276 suot,
389 3222 450 3280 quae
464 3204 593 3268 deerant,
608 3217 640 3257 ac
665 3201 705 3257 sie
728 3201 798 3255 beris
820 3197 957 3253 bominem
972 3196 1006 3253 de
1020 3196 1140 3263 ltumoc
1157 3200 1240 3256 edisio
1257 3202 1326 3257 tacta
1341 3199 1437 3259 Gotlra
1452 3203 1502 3258 sub
1516 3203 1591 3274 prclo
1616 3202 1735 3276 llcyber.
1759 3219 1787 3276 p.
1809 3202 1854 3260 to.
1877 3202 1964 3261 ilicis.

302 3301 443 3367 instruxit,
459 3298 604 3354 Dourinum
619 3295 739 3350 omnium
761 3308 863 3359 rerum,
880 3308 940 3363 qum
952 3307 1034 3362 super
1048 3301 1103 3347 ter·
1158 3288 1317 3363 Schallium,
1335 3294 1416 3362 tosa,
1432 3294 1500 3351 itt-8.
1515 3296 1619 3351 Saturae
1635 3296 1756 3367 reliquiar
1768 3296 1850 3352 duum
1867 3294 1966 3352 Victo-

302 3410 373 3460 ram,
398 3401 425 3449 et
446 3406 528 3463 super
549 3404 645 3460 aquam
661 3388 762 3443 crearit
778 3401 784 3439 :
802 3386 874 3457 prius
889 3396 977 3440 tamen
992 3384 1106 3455 angelos

303 3492 383 3558 atque
396 3482 573 3554 urebangclos
587 3480 698 3538 creauit.
717 3478 766 3534 llic
777 3477 836 3533 dies
857 3489 949 3535 sertus
964 3474 1106 3532 Porosccuc

303 3579 465 3651 appellatur,
491 3577 652 3648 preparatio
677 3573 780 3630 seilicet
794 3572 880 3644 repul.
897 3570 999 3629 idcireo
1014 3584 1106 3628 autem

305 3671 380 3743 prius
392 3682 474 3740 opera
490 3683 538 3724 sua
550 3666 757 3734 consumpserit,
771 3681 850 3734 cruam
865 3666 975 3736 angelos
990 3675 1105 3733 crearet,

305 3774 333 3823 et
346 3764 483 3821 bominem
499 3760 650 3828 fabricarit,
671 3776 705 3816 ne
724 3757 793 3816 sorte
816 3758 954 3829 adjutores
974 3774 1004 3815 se
1023 3757 1108 3815 luisse

309 3856 376 3912 laisa
391 3854 511 3911 dictione
526 3861 730 3909 asseverarent.
744 3851 802 3907 lioc
816 3868 924 3924 ottoque
939 3852 982 3909 die
997 3854 1028 3908 ob
1042 3852 1109 3909 Por·

310 3950 408 4006 sionem
419 3947 526 4005 Domini
537 3944 574 4001 N.
589 3940 653 4000 Jcsts
666 3942 823 4012 crotonias
837 3946 973 4001 stotioacsn
985 3942 1050 4013 beo,
1064 3957 1110 4002 ont

304 4043 432 4118 jejunium
450 4039 569 4114 tacimus.
595 4038 643 4093 bie
658 4038 772 4109 septimo
787 4039 922 4109 requievit
934 4036 969 4093 ab
983 4037 1110 4093 cornibus

309 4136 437 4210 operibus
450 4133 516 4202 suis,
531 4143 558 4190 et
571 4129 709 4189 benedixit
731 4146 804 4194 eum,
819 4139 847 4185 ct
859 4130 1053 4198 sanctificari13
1067 4131 1109 4186 id·

309 4233 393 4299 eirea,
408 4238 438 4286 ut
450 4231 494 4285 die
505 4227 646 4284 [lominica
658 4242 718 4281 cum
735 4222 879 4295 gratiarum
896 4226 1002 4282 actione
1014 4226 1047 4281 ad
1064 4243 1111 4297 pa·

312 4343 374 4384 uem
386 4338 525 4390 exeamus,
549 4330 577 4378 et
597 4336 652 4377 nott
664 4335 725 4375 cum
738 4319 838 4375 induis
857 4321 1000 4375 sabbatum
1014 4322 1110 4377 obser-

311 4435 376 4476 rare
393 4418 542 4483 rideamur,
566 4415 629 4487 quia
652 4414 709 4485 ipse
732 4410 861 4469 Dominus
875 4425 917 4471 est
931 4414 1047 4483 sabbati,
1063 4416 1113 4472 Pa-

312 4522 423 4571 rascere
445 4510 565 4567 solemus
589 4522 744 4578 supponere
765 4516 792 4562 et
812 4506 965 4564 sabbatum.
988 4508 1114 4566 Christus

1159 3391 1292 3457 rinorum,
1306 3388 1481 3461 pictaviensis
1496 3405 1565 3445 ursus
1578 3389 1698 3461 episcopi
1709 3390 1846 3463 martyris,
1860 3390 1910 3444 alri
1923 3388 1968 3444 al·

1159 3482 1243 3536 terius
1256 3482 1312 3536 Caii
1326 3481 1413 3543 ilarii,
1430 3482 1549 3538 rhetoris
1564 3484 1679 3553 primum
1695 3482 1797 3538 romani
1822 3490 1850 3538 et
1862 3497 1967 3537 constr·

1160 3575 1225 3630 laus
1249 3574 1298 3628 riri
1321 3573 1465 3630 clarissimi
1490 3575 1633 3643 conversi,
1659 3574 1757 3631 deiude
1782 3574 1966 3646 disputatoris

1129 3712 1134 3721 ,
1160 3666 1340 3734 subtilissimi,
1357 3666 1409 3722 hoe
1423 3677 1465 3723 est
1486 3666 1633 3724 cbristimta
1647 3669 1807 3725 eorumdem
1822 3670 1848 3724 its
1865 3682 1966 3739 prorsa

1162 3760 1209 3833 (sit
1233 3760 1298 3816 uitio
1324 3774 1380 3833 typ.
1403 3759 1546 3833 excusum)
1563 3772 1590 3818 et
1604 3778 1681 3818 uersa
1695 3765 1820 3819 oratione
1842 3765 1967 3834 scripta:

1161 3854 1237 3911 lilius
1251 3854 1362 3925 quidem
1375 3857 1587 3911 cotnmentarius
1603 3857 1628 3910 in
1642 3857 1827 3927 Apocalypsin
1839 3854 1968 3924 loannis,

1162 3959 1190 4003 et
1204 3949 1252 4001 tria
1264 3949 1465 4019 elegantissima
1482 3948 1516 4004 de
1528 3948 1594 4005 lesu
1609 3948 1717 4006 Christo
1731 3949 1788 4005 ileo
1799 3960 1827 4006 et
1842 3949 1968 4018 bomine,

1163 4040 1275 4111 ejusque
1292 4040 1394 4095 l‘asclta
1409 4055 1457 4096 seu
1471 4055 1562 4105 cruce,
1575 4056 1624 4097 uec
1639 4057 1693 4096 uon
1704 4041 1738 4097 de
1746 4052 1850 4112 septem
1860 4050 1971 4113 marty·

1164 4134 1238 4189 ribos
1261 4134 1389 4190 iratribus
1411 4134 1600 4203 llacchabaois,
1629 4135 1747 4191 earmina
1765 4153 1772 4190 :
1789 4134 1889 4205 huius,
1909 4143 1971 4193 etc.

1164 4229 1260 4286 Omnia
1282 4239 1309 4284 at
1335 4230 1436 4297 singula
1461 4244 1522 4285 eom
1536 4230 1608 4284 notis
1634 4240 1661 4284 et
1686 4227 1841 4299 praelatione
1859 4228 1889 4283 b.
1906 4227 1973 4284 Au·

1165 4320 1238 4377 circae
1250 4316 1338 4376 bivini
1352 4319 1441 4396 (Ριοῐ.
1456 4320 1556 4394 lips),
1572 4322 1618 4392 oui
1631 4321 1689 4377 suis
1703 4322 1858 4392 sumptibus
1868 4320 1974 4378 excudi

1166 4414 1240 4472 feeit.

1204 4507 1242 4563 lic
1253 4509 1313 4563 uiris
1330 4508 1477 4565 Victorinis.
1488 4541 1524 4551 -
1534 4510 1586 4565 Pro
1595 4508 1730 4566 Coronide
1744 4509 1787 4565 llic
1795 4510 1973 4569 aninradver·

312 4604 394 4676 ipitur
407 4602 548 4658 sabbatum
564 4610 681 4669 corpore
695 4612 744 4653 suo
764 4597 885 4655 resoluit.
912 4600 991 4656 iesus
1006 4618 1115 4674 ursoque
1128 4600 1156 4661 D
1170 4600 1292 4668 tersdnm,
1320 4602 1347 4657 l⁰
1365 4602 1435 4672 qtrotl
1451 4602 1650 4658 eruditissimos
1674 4602 1810 4660 Latrnoios
1834 4605 1860 4659 io
1884 4605 1974 4663 altera

312 4694 386 4755 Nare
406 4705 433 4751 et
447 4697 505 4765 ipse
526 4692 668 4749 sabbatum
695 4690 825 4757 resolvit;
851 4692 895 4748 die
916 4696 988 4749 enim
1011 4696 1115 4751 sabbati

314 4790 445 4867 pracepit
457 4788 519 4843 illlis
529 4785 623 4853 lsrael,
640 4795 670 4840 ut
683 4801 775 4841 muros
788 4785 907 4843 civitatis
921 4784 1031 4843 lerielro
1047 4791 1115 4846 tubi·

315 4885 422 4945 ciuibus
434 4882 618 4945 circumirent,
633 4888 661 4936 et
674 4878 774 4935 bettoni
797 4879 939 4947 attoptsttis
954 4882 1116 4939 iudicarent.

316 4979 478 5038 ilathatbias
501 4987 591 5032 autem
599 4975 731 5045 princeps
744 4972 813 5029 luda
826 4968 967 5031 sabbatum
988 4977 1116 5046 resolvit;

317 5090 378 5131 nam
394 5070 550 5143 praelectum
565 5067 668 5139 ariboni
684 5067 756 5138 repis
769 5066 855 5138 Syriae
880 5067 994 5123 sabbato
1006 5071 1117 5140 occidit,

316 5178 344 5224 et
359 5165 511 5239 allophilos
526 5180 574 5219 sua
591 5163 779 5233 persecutione
793 5161 917 5231 subjecit.
948 5162 1120 5236 Quapropter

318 5274 412 5318 rerum
434 5257 499 5316 illud
521 5256 662 5312 sabbatum
685 5263 789 5325 septem
813 5255 896 5312 millia
920 5259 995 5325 anni,
1018 5256 1045 5315 io
1067 5274 1121 5331 qtro

318 5354 441 5413 cbristus
449 5349 612 5409 cumelectis
623 5348 679 5404 suis
689 5358 849 5418 regnaturus
859 5360 911 5406 est.
928 5370 937 5403 ι

357 5533 398 5609 (Ι)
409 5532 539 5589 Victoria.
553 5574 560 5597 ,
573 5528 599 5584 io
614 5526 705 5584 schot.
722 5527 749 5582 in
771 5529 854 5611 apoc.
867 5569 875 5593 ,
889 5544 915 5600 p,
933 5532 978 5593 35,
996 5533 1025 5588 p,
1040 5530 1121 5590 conf,

319 5605 547 5730 Com'lollii
563 5600 909 5729 libidimis
924 5618 953 5731 'l
966 5606 1022 5732 iia
1036 5608 1070 5732 l·
1105 5677 1122 5735 ι

321 5677 487 5817 ῦιι(ῗι)ιιά.κρ.
503 5716 631 5808 auctio
647 5744 791 5799 boetomo.
852 5715 860 5738 ’
908 5718 914 5730 ’
1025 5719 1033 5745 ’
1069 5695 1103 5749 pu

359 5821 398 5894 (3)
413 5816 466 5885 ld,
479 5814 557 5882 ibid,
571 5831 597 5887 p.
611 5815 657 5881 lb,
672 5832 699 5870 n.
711 5816 729 5870 Ξ
740 5823 768 5871 ct
781 5810 807 5872 3.

1170 4694 1276 4749 taistore
1291 4693 1480 4750 dissertatione
1500 4698 1701 4751 atsuotetetiam
1718 4694 1776 4770 (l);
1801 4696 1851 4753 sub
1872 4696 1973 4754 eodem

1171 4787 1280 4843 nomine
1290 4786 1407 4863 (scilicet
1422 4789 1566 4863 Victorini)
1579 4792 1698 4862 quinquo
1707 4790 1831 4849 diversos
1844 4803 1975 4850 auctores

1169 4880 1312 4951 insignitos
1341 4880 1441 4949 luisse3
1474 4901 1587 4955 ortorum
1618 4885 1722 4955 primus
1746 4895 1808 4953 est,
1835 4884 1975 4954 opinionis

1171 4971 1281 5029 Praxeas
1294 4984 1423 5041 assertor,
1438 4977 1516 5047 csrjrts
1525 4977 1649 5034 meminit
1660 4978 1844 5035 Tertullianus
1855 4977 1911 5053 (2);
1925 4992 1974 5034 se-

1171 5068 1275 5123 cundus
1290 5084 1354 5125 sero
1369 5070 1430 5133 istc,
1446 5070 1481 5126 tle
1495 5084 1550 5143 quo
1565 5072 1703 5142 bttcrrsmre
1715 5081 1805 5128 aetum
1819 5092 1827 5128 :
1842 5084 1976 5127 romanus

1171 5162 1280 5232 qstidam
1294 5161 1395 5229 sltetor,
1408 5162 1442 5219 de
1454 5178 1507 5235 prro
1521 5165 1685 5235 Artprrstinus
1699 5162 1749 5238 (5),
1768 5165 1863 5222 tertius
1877 5180 1976 5221 ntrnte·

1171 5263 1478 5326 raturzqonrtusautcm
1494 5252 1543 5312 luit
1553 5257 1599 5312 ille
1613 5258 1798 5327 massiliensis,
1810 5257 1888 5329 cnjus
1897 5273 1978 5314 meu-

1174 5347 1275 5404 tionem
1302 5347 1365 5404 lacit
1390 5347 1545 5405 Gennadius
1572 5348 1622 5423 (l).
1646 5349 1763 5406 Ultimus
1781 5351 1890 5407 tandem
1915 5351 1978 5408 sire

1215 5463 1255 5537 (ll
1270 5465 1381 5521 Larinoii
1396 5481 1472 5537 opp„
1487 5475 1552 5521 tom.
1569 5483 1597 5529 ιι,
1614 5483 1640 5533 p.
1655 5465 1718 5529 9t5,
1733 5478 1830 5539 etseq.

1213 5534 1253 5608 (Ξ)
1266 5534 1438 5599 Tertrriliau.,
1454 5538 1485 5592 tle
1503 5536 1652 5609 Proscript.
1671 5536 1804 5606 Horatia,
1816 5553 1877 5610 caps
1891 5536 1938 5598 35.

1212 5608 1253 5671 (5)
1268 5610 1391 5677 Attgrrst,
1407 5608 1454 5663 tib.
1465 5624 1524 5673 mn,
1539 5610 1649 5678 conica,
1664 5626 1723 5681 cap.
1736 5606 1765 5665 2.

1213 5676 1253 5747 (l)
1262 5678 1398 5747 Gerrrrnd,
1410 5681 1539 5751 descript.
1549 5684 1651 5743 eccles..
1661 5698 1721 5753 eap.
1733 5682 1779 5738 60.
1790 5681 1870 5739 Conl.
1878 5680 1976 5740 Sidou.

1176 5746 1229 5820 Ep.
1242 5748 1289 5804 lib.
1304 5765 1332 5817 v,
1348 5748 1436 5820 Epist.
1451 5746 1498 5809 nt.
1515 5748 1619 5821 Florpit
1632 5752 1676 5812 hie
1686 5748 1873 5825 orastttersn,
1883 5755 1979 5827 jndice

1176 5820 1278 5891 sareu,
1295 5835 1365 5878 anuo
1378 5822 1442 5881 idi.
