4150 6250
129 300 187 364 897

798 297 903 358 stoan
918 295 1109 359 SECUNDUS.

1732 293 1786 354 898

169 413 227 471 tv.
247 412 314 484 Qum
337 426 399 470 cum
421 426 481 471 esse
495 414 713 474 consenserimus
735 416 814 482 rimi,
838 424 866 473 ct
880 418 938 473 arni·
950 420 978 481 Α
990 415 1080 482 dulce,
1094 412 1276 486 qnodaanoris
1287 419 1313 468 et
1324 410 1413 483 gaudii
1424 410 1576 484 laetitiaeque
1589 408 1787 481 plenissinrunq

132 495 213 564 uersa
239 505 282 561 lais
298 515 404 563 scatere
429 507 602 565 nominaliter
625 510 799 565 annuerimus
819 508 936 566 bumana

132 607 318 670 consequetur
332 607 362 655 ut
376 599 509 669 rogitent,
531 615 579 656 cur
601 615 666 673 ergo
689 604 746 657 laoec
770 601 841 657 mala
865 601 936 659 Deus

132 694 308 764 omnipotens
318 710 372 750 nou
387 693 493 764 aufert,
510 696 559 752 sed
573 711 634 753 esse
648 697 807 768 perpetitur,
832 707 860 754 et
872 713 934 754 cum

133 785 262 843 omnibus
274 787 381 843 sareulis
394 787 527 858 pertinaci
541 788 745 845 continuatione
765 789 933 861 procedere?

132 877 163 937 Si
186 878 341 935 intellectus
354 877 432 933 nobis
446 877 553 935 affueris
566 878 614 936 bei
633 881 719 953 regis,
735 896 767 937 ae
783 868 932 953 principis,

133 986 186 1030 nec
200 987 249 1044 per
263 972 360 1039 impias
374 972 463 1043 vagari
478 973 659 1043 suspicionum
675 975 840 1030 voluerimus
860 975 933 1029 insa·

132 1063 213 1131 nias,
227 1062 439 1134 respondeamus
450 1079 562 1121 neeesse
572 1076 628 1134 est,
653 1067 759 1122 nescire
783 1082 831 1122 uos
856 1069 928 1121 ista:

134 1171 187 1213 nee
200 1172 260 1227 qum
273 1155 354 1211 nullis
365 1165 475 1226 possent
486 1156 658 1214 facultatibus
668 1158 871 1227 comprehendi,
886 1174 933 1215 es-

136 1248 240 1320 petisse
250 1247 396 1319 aliquando
405 1258 450 1304 aut
458 1248 595 1306 studuisse
602 1265 777 1322 cognoscere,
786 1253 935 1324 meliusque

136 1340 279 1407 ducentes,
293 1341 443 1411 quinimmo
456 1343 547 1414 potius
558 1344 642 1415 tnagis
654 1343 681 1399 iu
695 1343 843 1401 inscientiae
865 1346 926 1401 lini·

138 1434 191 1493 bus
203 1444 283 1507 atque
298 1434 456 1507 ignorantiae
470 1450 640 1506 permanere,
654 1439 734 1509 qrram
750 1439 809 1492 sine
826 1437 881 1493 ileo
896 1437 936 1494 di·

135 1543 201 1586 cere
212 1526 279 1584 nibil
293 1527 350 1584 iteri
366 1526 427 1601 (per
441 1528 634 1602 voluntatem),
649 1540 678 1585 ιιι
692 1530 773 1586 simul
798 1531 935 1602 inteiliga-

140 1631 195 1691 tur,
208 1631 236 1679 et
249 1621 328 1678 usalis
339 1637 400 1678 eum
412 1636 509 1677 causas
521 1622 597 1688 dare,
608 1631 636 1679 et
647 1623 815 1679 miseriarum
826 1639 886 1680 esse
899 1625 937 1679 iu·

139 1713 348 1771 numerabilium
374 1714 553 1771 conditorem.
570 1713 639 1770 dlala
653 1731 728 1787 crgo,
744 1714 852 1782 dicetis,
866 1716 937 1773 unde

988 509 1060 579 quod
1075 507 1193 563 irtirnitas
1215 507 1407 578 densatasque
1427 505 1646 575 incorruptibiles
1667 504 1790 577 uolarpta·

990 610 1042 669 tes,
1058 601 1131 673 quud
1155 599 1206 656 sibi
1220 599 1335 671 quisque
1347 600 1504 671 contingere
1518 598 1588 653 rotis
1601 596 1727 653 ominibus
1741 612 1788 651 es·

988 701 1075 762 petat,
1090 692 1210 763 lorisque
1230 690 1265 746 ab
1279 689 1320 746 bis
1339 703 1400 747 esse
1413 689 1554 768 exitiabile*
1568 702 1601 745 ac
1622 685 1792 743 mortiferum

987 785 1080 841 ducat.

1023 877 1092 934 Lvt.
1112 876 1217 934 Caetera
1230 891 1407 949 quaecumque
1420 875 1558 945 scutalia,
1573 890 1633 948 quse
1655 874 1681 931 in
1695 889 1785 946 quaes·

990 971 1108 1028 tionibus
1135 973 1255 1028 assoleut
1280 970 1526 1043 controversiisque
1546 969 1667 1037 versari,
1690 969 1789 1042 quibus

986 1065 1154 1137 genitoribus
1179 1075 1237 1119 orta
1264 1064 1337 1131 siut,
1360 1064 1403 1119 vel
1423 1063 1523 1140 quibus¹
1541 1061 1679 1119 actoribus
1701 1059 1788 1129 liant,

986 1173 1075 1222 neque
1089 1171 1173 1214 nosce
1183 1157 1389 1225 contendimus,
1404 1170 1492 1226 neque
1504 1156 1640 1227 inquirere
1655 1163 1701 1209 aut
1712 1152 1791 1208 sesti·

987 1266 1053 1321 garo
1066 1265 1206 1315 ceramum
1221 1250 1279 1306 suis
1295 1248 1387 1306 omnia
1411 1248 1588 1320 relinquimus
1611 1244 1711 1315 causis,
1739 1259 1790 1301 uec

985 1342 1019 1399 ad
1034 1341 1060 1398 id
1076 1343 1148 1415 quod
1163 1343 1324 1413 expetimus,
1338 1357 1400 1399 csse
1414 1342 1493 1398 nobis
1505 1341 1632 1412 adjuncta
1647 1352 1728 1412 atque
1741 1354 1786 1410 ap·

987 1436 1086 1506 plicata
1098 1436 1259 1507 judicamus.
1275 1435 1346 1505 Quid
1359 1445 1402 1491 est
1414 1435 1486 1491 enim
1499 1432 1571 1506 quod
1584 1434 1699 1490 bumaria
1711 1433 1790 1503 inge·

987 1532 1032 1586 nia
1044 1530 1218 1599 labefactare,
1231 1529 1381 1587 dissolvere
1394 1528 1484 1584 studio
1499 1526 1722 1585 contradictionis
1735 1541 1792 1582 nou

987 1624 1126 1692 audeant,
1150 1623 1274 1694 quamvis
1290 1621 1371 1688 iliud,
1388 1621 1463 1691 quod
1479 1620 1616 1677 inbrrnare
1630 1618 1788 1686 moliuntur,

987 1718 1024 1774 sit
1034 1734 1143 1790 purum,
1159 1728 1187 1774 et
1200 1717 1341 1789 liquidum,
1356 1725 1385 1773 et
1394 1716 1517 1771 veritatis
1527 1716 1714 1788 obsignatione
1725 1729 1787 1770 mu-

134 1815 200 1862 sunt
210 1806 268 1862 iraec
280 1806 390 1861 omnia!
406 1806 447 1862 Es
459 1806 621 1873 elementis,
637 1806 777 1879 inquiunt,
791 1817 818 1864 et
832 1824 865 1864 cs
887 1825 931 1863 co·
950 1808 976 1869 B
993 1811 1097 1866 tritum?
1112 1812 1166 1866 Aut
1184 1809 1248 1881 quid
1262 1824 1355 1865 rursus
1374 1823 1497 1866 asserere
1510 1806 1701 1864 verisimilibus
1714 1820 1791 1878 argu·

134 1914 196 1956 rum
210 1898 437 1970 inaequabilitate,
452 1899 606 1970 sapientes;
621 1901 693 1972 quod
708 1900 767 1958 lieri
777 1901 824 1974 qui
835 1902 932 1973 possit,

134 2000 165 2049 ut
192 2007 253 2063 quac
275 2005 385 2047 sensnm
398 1999 426 2048 et
443 1991 574 2063 judicium
589 2008 642 2048 non
658 1992 774 2063 babeut,
797 1995 933 2050 nraaliciosa

134 2099 198 2142 esse
210 2083 404 2156 perhibeantur
414 2094 442 2140 ct
452 2089 531 2141 noxia
541 2095 601 2141 :ant
611 2101 666 2142 uon
679 2087 769 2143 illesis
782 2087 871 2158 potius
881 2103 935 2144 ura·

135 2177 245 2235 litiosus
256 2186 284 2235 ei
299 2178 405 2246 nasius,
415 2178 461 2246 qni
475 2193 519 2234 res
531 2179 661 2249 pessimas
672 2178 808 2236 iuturasiu
818 2181 931 2252 aiicujus

135 2270 229 2341 operis
240 2271 386 2340 assumpsit
401 2269 537 2338 ellectum,
554 2285 647 2327 eorsum
661 2280 722 2337 est,
736 2272 780 2345 qui
794 2280 931 2343 asserunt,

134 2362 290 2435 pervidere.
309 2361 378 2430 Quid
392 2377 458 2434 ergo
472 2377 538 2428 nos,
558 2362 649 2419 unde?
672 2363 868 2434 {desponsionis
884 2380 934 2422 ne·

136 2458 252 2513 cessitas
264 2457 338 2513 nulls
352 2465 413 2524 est,
429 2458 486 2513 siue
501 2459 573 2513 enirn
592 2472 737 2529 possumus
751 2458 852 2528 dicere,
878 2457 936 2515 sire

136 2548 229 2606 minus
241 2547 371 2616 ualemus,
388 2563 438 2606 arec
452 2563 605 2620 possumus,
631 2559 774 2621 utrumque
789 2550 860 2621 apud
880 2566 931 2607 uos

134 2658 250 2715 paruum
270 2652 328 2710 est;
357 2658 408 2700 nec
436 2643 462 2698 iu
488 2642 593 2715 megaris
620 2643 785 2713 ponderibus
812 2643 937 2700 dnciurns

135 2737 180 2794 vei
193 2737 320 2809 ignorare
334 2735 417 2803 istud,
434 2735 475 2792 vel
489 2736 577 2802 scire,
593 2752 675 2791 unum
702 2736 788 2792 solum
813 2736 937 2808 posuisse

136 2833 276 2897 contenti;
293 2832 359 2888 nibil
381 2848 396 2886 a
422 2832 477 2888 ileo
494 2832 615 2902 principe
638 2829 710 2902 quod
726 2830 761 2887 sit
777 2845 878 2887 nocens
897 2842 938 2886 at-

137 2945 191 3002 qne
203 2928 324 2993 exitiale,
339 2926 482 2998 perniciosi.
500 2925 557 2982 dioc
570 2935 704 2994 tenemus,
728 2925 779 2981 iroc
794 2926 937 2990 novirrurs,

138 3020 167 3077 iu
180 3021 234 3077 irae
245 3035 298 3075 una
310 3018 482 3075 consistimus
494 3016 655 3090 cognitionis
664 3029 691 3074 et
704 3016 825 3073 scientiae
840 3018 940 3074 verita·

993 1902 1094 1958 mentis
1108 1918 1162 1959 non
1177 1910 1290 1972 queunt,
1305 1900 1429 1971 quanruis
1442 1900 1479 1956 sit
1492 1897 1663 1971 apertissime
1676 1897 1792 1961 laisum,

989 1995 1114 2065 quamvis
1128 1994 1243 2051 euidens
1266 1993 1493 2065 manifestumque
1515 1992 1703 2049 mendacium?
1725 1987 1793 2045 Cum

989 2089 1064 2144 enim
1078 2086 1130 2144 sibi
1145 2085 1311 2158 persuaserit
1321 2086 1382 2156 quis
1391 2100 1453 2142 esse
1467 2084 1587 2156 aliquid,
1599 2093 1708 2141 autnon
1720 2097 1792 2150 esse,

988 2189 1062 2236 aurat
1072 2180 1414 2252 quodupirtaturasserere,
1428 2179 1589 2236 etacunrine
1598 2177 1666 2235 alios
1676 2178 1793 2246 anteire,

988 2272 1107 2328 maxime
1115 2272 1137 2328 si
1149 2281 1243 2345 agatur
1258 2286 1302 2328 res
1317 2282 1463 2338 summota,
1478 2280 1507 2329 et
1517 2270 1633 2337 anciran,
1644 2271 1795 2342 etcaiigiuc

987 2365 1107 2421 inuoluta
1122 2375 1237 2420 naturae.
1249 2364 1377 2421 ldurrdum
1388 2365 1497 2436 quidam
1508 2381 1541 2422 es
1553 2364 1720 2436 sapientibus
1734 2364 1790 2420 esi·

986 2459 1098 2514 stitmrnt
1108 2473 1196 2528 neque
1210 2472 1272 2514 esse
1285 2456 1412 2526 natnnrb,
1425 2473 1514 2530 neque
1528 2457 1602 2513 nullo
1613 2473 1675 2514 esse
1688 2459 1716 2512 in
1730 2465 1793 2522 tenu

991 2566 1058 2623 pore
1069 2551 1230 2621 periturum
1246 2550 1426 2606 immortalem
1439 2550 1573 2614 nonnulli,
1589 2549 1718 2621 quamvis
1731 2565 1794 2605 euru

991 2644 1167 2700 conscribant
1178 2658 1240 2700 esse
1254 2654 1347 2699 uatum
1362 2652 1390 2699 ct
1402 2645 1532 2715 genitum.
1546 2643 1646 2699 Tertiis
1664 2659 1730 2699 vcro
1743 2643 1796 2699 col·

991 2736 1097 2792 libitum
1112 2735 1203 2792 dicere
1216 2746 1268 2803 est,
1283 2744 1384 2792 siesse
1398 2744 1500 2803 uatum,
1514 2734 1685 2808 eugenium,
1709 2744 1734 2791 et
1750 2749 1792 2790 or·

991 2829 1095 2888 dinaria
1110 2829 1273 2886 necessitate
1296 2830 1456 2901 periturum.
1480 2828 1515 2884 Et
1536 2844 1597 2884 euru
1617 2844 1651 2885 es
1666 2827 1725 2884 istis
1739 2827 1795 2898 opi·

991 2924 1118 2980 niouibns
1134 2923 1211 2979 trinis
1225 2937 1305 2978 unam
1318 2937 1380 2979 esse
1390 2936 1503 2978 necesse
1517 2922 1553 2995 ιιι
1568 2935 1672 2988 veram,
1686 2919 1793 2976 cunctis

993 3025 1083 3071 tannen
1098 3023 1255 3086 aequoreum
1271 3030 1325 3071 nou
1340 3015 1448 3082 desunt,
1463 3014 1561 3085 quibus
1573 3022 1601 3070 ct
1614 3027 1662 3069 sua
1682 3012 1794 3069 decreta

134 3124 176 3184 te;
188 3109 552 3183 nibiiabeoberi,uisiquod
562 3108 941 3182 sitomnibussaintare,quod
956 3101 979 3167 C
994 3107 1176 3176 confirment,
1190 3116 1219 3166 ct
1238 3107 1354 3166 aliorum
1377 3107 1556 3180 subrumpant
1581 3116 1610 3166 et
1634 3106 1798 3167 labciaciant

763 3264 955 3324 saumones
973 3250 1182 3322 vinunvss.

169 3409 427 3466 aliltditaemsmale.

1027 3398 1043 3442 b
1060 3399 1181 3452 sioratnm
1192 3411 1229 3451 ms
1239 3397 1312 3451 male.

835 3550 1117 3610 COMMENTARIUS.

176 3724 233 3781 LV.
248 3754 284 3767 -
310 3718 495 3778 Nominaliter.
518 3715 564 3774 Sic
585 3702 680 3771 arrctoi
703 3726 752 3779 pro
776 3710 939 3777 nonrinatim,

141 3798 188 3869 qui
212 3809 239 3852 et
261 3793 342 3852 inira.
358 3791 378 3849 i.
401 3807 450 3858 ιιι,
472 3787 656 3845 nominitamus
675 3783 743 3840 dixit
760 3797 808 3854 pro
823 3783 942 3837 aomina·

138 3886 209 3924 ιιιιιι.
220 3868 365 3925 Noonnrns.

178 3961 327 4029 Quinimmo
340 3958 425 4025 potins
440 3955 531 4026 asapia.
549 3953 586 4009 De
606 3949 720 4021 duplicis
735 3948 815 4018 buius
831 3961 942 4013 compa·

139 4035 222 4093 rattui
236 4030 401 4085 abundantia
415 4026 476 4083 vide
486 4026 565 4089 irritu,
579 4024 612 4078 ad
628 4023 646 4078 Ι.
663 4038 708 4077 ιιι.
722 4035 747 4076 c.
765 4021 807 4075 tii.
821 4019 923 4074 Onesi.

180 4104 266 4170 Quaem
280 4104 336 4157 siae
349 4100 403 4155 Dea
420 4100 506 4153 dicere
528 4095 592 4150 nilril
613 4094 669 4162 lieri
687 4091 745 4175 (per
757 4089 941 4173 laetaniarum).

141 4176 174 4232 ld
197 4185 239 4231 est
264 4175 324 4230 sisse
351 4170 397 4225 liri
422 4169 571 4225 voluntate.
593 4162 660 4221 Curru
674 4175 712 4219 ast
730 4174 810 4234 sgrtur
832 4176 878 4229 per
899 4176 944 4213 oa-

142 4249 281 4308 lsntatcm,
308 4242 427 4310 explieat
449 4239 520 4311 quod
545 4236 655 4292 discret
673 4252 679 4287 :
694 4235 749 4289 siue
779 4231 842 4315 lieo.
857 4231 946 4299 erare

142 4318 214 4374 nibil
230 4313 390 4372 mutandum
413 4312 549 4368 existimo.
567 4308 689 4363 denseo.
704 4335 739 4347 -
754 4304 845 4359 Edrtio
860 4301 946 4373 bugd.

143 4389 206 4446 Bos.
223 4387 325 4441 babet:
342 4384 426 4453 Quam
436 4383 491 4437 siue
504 4378 554 4434 bet
566 4378 649 4434 dicere
661 4377 727 4432 rriiril
737 4375 793 4444 lieri
807 4375 946 4429 uoluntate.

143 4459 216 4518 litui
229 4457 310 4513 uerba
333 4472 378 4526 per
400 4454 554 4509 uoluntatem
579 4449 712 4533 glossentur
730 4445 855 4501 sidentur
871 4443 989 4529 scioli„

145 4530 291 4614 enjrrsdnm
320 4525 423 4581 librarii
449 4525 476 4579 in
505 4536 627 4591 margine
655 4519 792 4585 explicare
816 4518 946 4583 uolentis,
1002 4510 1026 4618 ἲ)

142 4602 211 4675 quud
226 4601 261 4656 sit
273 4600 328 4655 aiae
342 4595 398 4652 Deo
411 4609 513 4667 :quare
524 4594 604 4648 nucis
614 4591 722 4646 inclusi.
739 4592 842 4645 basus.

185 4691 242 4747 Nee
251 4692 280 4746 irs
292 4688 393 4759 nraquis
408 4684 566 4758 ponderibus
580 4683 709 4738 ducimus.
723 4680 769 4736 Sic
792 4677 951 4735 emendavit

146 4764 294 4822 bieursius.
312 4767 397 4815 nntca
414 4757 545 4813 donimus.
564 4756 611 4810 Ειι
622 4764 712 4809 auteur
726 4753 754 4806 ιιι
774 4750 874 4833 mugnis
888 4766 953 4817 pon·

148 4836 255 4891 deribut
267 4833 360 4887 dtreere
383 4830 454 4885 idem
477 4827 548 4895 qrtrrrl
563 4829 588 4881 iu
601 4839 694 4893 maqno
704 4826 830 4892 (nequitu)
846 4822 949 4889 babere,

147 4900 651 5033 iddiiiiiiiiiiiiliiiii
671 4894 764 5022 ..⁰qu
780 4892 951 5034 ilidii·

149 4996 476 5116 miscellaneorum.
545 5014 551 5026 ’
654 5005 708 5034 ι’·
763 5004 808 5033 ‚-
878 5004 886 5031 ’
944 5004 950 5018 ’

189 5138 260 5196 est.
285 5168 323 5180 -
352 5135 481 5192 liaadum
506 5131 612 5203 qnidam
640 5146 672 5185 ea
700 5127 859 5196 sapientibus
883 5126 953 5209 testi·

151 5222 224 5269 mant
245 5225 325 5276 aeque
338 5224 391 5263 esse
405 5215 503 5268 uetiam,
518 5218 598 5272 neque
616 5201 671 5255 nilo
685 5201 712 5254 iu
727 5208 840 5268 terrrpore
854 5209 953 5269 perstu-

151 5299 223 5339 runt.
252 5280 406 5338 Heraclitus
434 5275 569 5344 Ephesius
597 5287 642 5343 ap.
671 5271 838 5327 elementem
863 5269 953 5334 illex..

154 5355 175 5411 l.
189 5369 228 5412 ιιι.
246 5353 392 5417 sasernae,
420 5364 447 5417 p.
469 5346 524 5403 255
550 5344 626 5413 liii.
643 5341 688 5397 ed.
704 5341 819 5407 Pariter„
837 5339 883 5394 ubi
897 5340 953 5396 nid.

155 5425 244 5496 ejusd.
262 5415 630 5490 notaml3Aristoteiesapud
646 5414 780 5477 lactant..
791 5411 810 5467 l.
827 5425 855 5477 ιι,
868 5425 893 5464 e.
906 5410 952 5476 to;

153 5498 227 5559 Cic..
243 5493 337 5556 Tusa..
353 5491 372 5548 i.
390 5508 409 5555 ι,
421 5490 467 5550 ab.
483 5498 510 5543 ct
522 5487 634 5552 Plinius,
648 5486 715 5538 llist.
732 5491 801 5547 nat,
816 5482 835 5536 l.
849 5496 868 5548 t,
882 5496 908 5535 e.
926 5482 952 5547 i,

154 5567 235 5623 Cani.
252 5565 316 5623 ltrn.
340 5563 504 5634 Philargyr„
525 5557 559 5613 ad
583 5572 601 5612 ιι
618 5574 626 5623 ;
642 5557 741 5625 Georg.
758 5552 863 5624 virgil,
876 5553 953 5617 v.,d;

156 5637 310 5701 i’iruarcir„
326 5634 361 5691 de
387 5633 482 5690 Piscis.
505 5630 619 5693 Pindos,
637 5629 655 5682 Ι.
671 5642 697 5691 ιι,
715 5639 741 5681 e.
757 5624 796 5689 l;
813 5624 952 5690 sarturas,

155 5710 179 5767 l.
192 5726 214 5776 v,
231 5709 418 5772 ilexamerorr,
434 5719 458 5760 c.
482 5718 509 5759 ιιι
524 5711 551 5758 et
566 5717 591 5753 v.
616 5698 741 5756 Ειιιιιιιι.
756 5693 835 5752 mant.
848 5694 882 5750 de
898 5703 955 5750 toto

157 5781 214 5837 ltoc
239 5779 299 5837 loro
322 5779 385 5833 dut.
412 5775 501 5832 belrio
523 5772 556 5829 ad
581 5771 721 5845 syntagm.
744 5765 871 5841 Tragoed.
893 5765 954 5834 lat,

161 5852 194 5914 Ρ.
207 5868 248 5920 ιιι,
263 5865 290 5923 p.
304 5849 359 5910 552
372 5863 430 5924 seq.
444 5845 547 5921 Onus,

1029 3707 1208 3764 immortalem
1223 3708 1342 3764 nonnulii
1363 3709 1479 3780 quamvis
1491 3722 1549 3763 caut
1571 3709 1733 3764 conseribant
1745 3725 1800 3765 erse

992 3792 1082 3835 natam
1096 3789 1120 3835 el
1150 3780 1256 3837 erritrrm.
1273 3779 1394 3835 Platonis
1418 3779 1526 3851 dogma.
1542 3778 1604 3837 “oar
1627 3780 1733 3849 (scribit
1753 3782 1800 3838 itio

992 3851 1019 3906 ἰιι
1032 3797 1236 3921 depraedatam
1245 3854 1291 3924 pin
1301 3851 1410 3928 φθαρτὸς
1422 3853 1500 3907 iares.
1515 3847 1527 3871 ‘
1536 3853 1647 3926 γέγονεν,
1656 3853 1686 3907 mi
1694 3852 1800 3911 ludria-s·

993 3944 1035 3978 ται
1045 3921 1073 3979 ll
1082 3920 1140 3978 adli
1152 3922 1269 3986 τιύξιται
1286 3923 1394 3978 θανάτου
1407 3925 1497 3999 μοίρας
1509 3872 1739 3981 disserendique
1753 3930 1798 3978 τοῦ

995 3995 1062 4050 θεοῦ.
1072 3993 1216 4046 Curttsrnlit
1226 4002 1252 4048 el
1265 3994 1378 4047 dieentes
1387 3993 1571 4063 Trismegist,
1582 3998 1607 4045 iu
1623 3992 1799 4053 Pura-mnndi..

994 4081 1020 4120 c.
1034 4068 1062 4121 8.
1078 4063 1107 4119 ‘0
1130 4068 1215 4137 πατὴρ
1242 4065 1320 4123 αὐτὸς
1343 4064 1434 4119 ἑαυτοῦ
1446 4062 1527 4125 ἀΐδιος
1543 4081 1550 4096 ·
1564 4061 1613 4119 ide·
1633 4065 1730 4136 κόσμος
1749 4067 1801 4121 ὑπὸ

997 4142 1043 4207 aopi
1058 4135 1155 4211 πατρὸς
1168 4137 1273 4199 irridetur
1286 4138 1327 4189 καὶ
1338 4136 1460 4196 ἀθάνατος
1473 4136 1570 4207 ’ἔχονι
1585 4134 1664 4188 durrat.
1680 4136 1799 4205 Apulei„

998 4208 1033 4263 de
1049 4207 1142 4275 bogur.
1152 4205 1234 4270 Plau„
1247 4213 1275 4260 et
1288 4204 1419 4276 inprimis,
1433 4204 1457 4261 J.
1469 4159 1544 4276 [ips.
1554 4204 1799 4277 Physioirsg.staaic.

999 4279 1018 4335 l.
1030 4295 1059 4343 u,
1076 4277 1189 4333 bissem.
1204 4291 1249 4344 ss,
1263 4290 1290 4346 p.
1313 4277 1362 4332 951
1376 4318 1384 4344 ,
1398 4290 1439 4347 sq.
1463 4279 1527 4348 (lp,
1554 4286 1574 4334 t.
1591 4291 1628 4341 tv,
1641 4276 1692 4406 ὃιι.
1709 4276 1800 4333 lesui.

1665 4364 1745 4404 usse.

1038 4418 1071 4475 st
1084 4436 1138 4474 esse
1167 4428 1258 4473 uatum
1283 4429 1308 4473 et
1331 4419 1445 4491 qeuitnm
1468 4428 1491 4474 et
1504 4418 1639 4475 ordinaria
1653 4421 1803 4476 necessitate

1021 4492 1154 4546 mearam.
1172 4490 1326 4546 Stoicorum
1351 4492 1496 4546 sententia.
1524 4490 1626 4550 Senes.
1641 4490 1751 4550 Consul.
1768 4492 1802 4547 ad

1028 4562 1114 4635 olyb..
1128 4578 1154 4619 e.
1169 4561 1216 4619 20.
1239 4558 1282 4616 dia
1304 4571 1342 4616 esi
1356 4577 1366 4616 .·
1380 4562 1446 4616 nillil
1470 4573 1630 4633 perpetuam,
1647 4579 1729 4631 pauca
1743 4564 1803 4618 dr'tt·

1005 4644 1084 4689 larua
1097 4642 1158 4688 ιιιιιι
1171 4649 1181 4688 .·
1193 4634 1266 4687 attan
1280 4634 1332 4688 alio
1348 4632 1424 4687 modo
1451 4633 1545 4706 [raqilc
1559 4644 1605 4703 est,
1622 4650 1708 4689 reram
1722 4635 1803 4690 esiam

1004 4707 1150 4759 uariantur.
1166 4703 1294 4760 Caeterum
1308 4705 1434 4775 quidquid
1446 4707 1532 4773 erepsit,
1548 4714 1571 4758 et
1584 4705 1687 4760 desistit.
1703 4704 1803 4759 iiuada

1003 4776 1110 4847 quidam
1137 4777 1270 4830 minuatur
1296 4776 1438 4838 interitum,
1454 4786 1478 4830 et
1491 4776 1540 4829 dae
1564 4777 1720 4844 urriuersam,
1735 4776 1803 4841 qnod

1004 4849 1093 4902 omnia
1114 4847 1202 4901 diuina
1230 4847 1394 4913 burrrarraque
1416 4846 1605 4914 complectitur,
1622 4848 1646 4900 si
1671 4848 1712 4916 {us
1726 4856 1803 4914 putas

1004 4920 1118 4982 eredere,
1130 4918 1184 4970 dies
1207 4917 1301 4986 aliquis
1324 4916 1470 4987 dissipabit,
1484 4927 1507 4970 et
1522 4919 1549 4971 ia
1573 4921 1750 4986 confusionem
1761 4932 1803 4970 ue·

1004 5000 1083 5044 terem
1109 4992 1275 5058 tenebrasque
1295 4987 1434 5056 demerget.
1450 4987 1491 5042 Ci.
1508 4987 1597 5057 ejusd.
1611 4993 1712 5052 Quest.
1727 4987 1801 5052 Nat..

1005 5060 1024 5116 l.
1042 5075 1081 5128 ιιι,
1096 5076 1121 5115 c.
1134 5058 1180 5119 ιθ.
1194 5071 1221 5114 et
1242 5057 1268 5114 l.
1293 5057 1367 5127 Lips.
1389 5058 1547 5131 Puysiolog.
1573 5058 1671 5120 stuic..
1689 5060 1801 5115 bissrrt.

1004 5147 1050 5187 ssu
1065 5143 1092 5186 et
1107 5145 1172 5196 ssu,
1193 5146 1219 5200 p.
1234 5129 1289 5187 952
1310 5146 1399 5202 seqq,
1413 5132 1459 5200 qni
1475 5130 1565 5186 onrnis
1588 5129 1648 5185 ioca
1661 5130 1804 5203 diligenter

1005 5203 1124 5272 collegit.
1147 5204 1249 5258 bueus.
1420 5230 1421 5233 ¹

1042 5274 1333 5342 dliaramsubramparri
1345 5283 1369 5328 et
1383 5273 1539 5346 labefaciant
1551 5272 1627 5329 scita.
1642 5273 1691 5328 lis.
1709 5273 1803 5328 substa

1006 5345 1089 5414 pianr,
1105 5346 1176 5411 qoud
1192 5353 1282 5399 tuetur
1298 5345 1432 5400 lieursius
1455 5347 1482 5400 in
1499 5343 1621 5418 append.
1645 5344 1692 5401 sed
1707 5346 1804 5400 sellem

1008 5413 1090 5468 uubis
1113 5414 1192 5486 nrrjns
1217 5415 1291 5471 verbi
1323 5416 1535 5486 explicationem
1566 5415 1695 5471 dedisset.
1725 5415 1802 5472 Fnin.

1006 5484 1122 5541 Ursinus
1146 5495 1173 5540 ct
1187 5485 1291 5541 nomm
1316 5487 1453 5541 subruant.
1469 5487 1522 5541 Pro
1545 5487 1610 5541 scito
1634 5486 1694 5543 labri
1709 5502 1806 5553 orrrnrs

1006 5556 1200 5626 secretaque
1227 5566 1319 5612 ortum
1337 5558 1473 5614 ridetura
1489 5558 1600 5613 librario
1613 5559 1684 5614 naaie
1699 5559 1805 5630 ingente
1885 5604 1890 5613 .

1006 5643 1038 5711 ι.Ι
1057 5628 1121 5682 seira
1154 5639 1182 5684 et
1204 5642 1254 5699 pro
1277 5629 1462 5685 abreviatione
1484 5636 1530 5686 τοῦ
1549 5639 1650 5713 ‘secreta
1676 5628 1805 5713 ιιιιιοιιιι.

1006 5697 1173 5845 {miliia
1186 5697 1530 5843 grqqagrbggiullacrob„
1548 5715 1576 5758 tu
1591 5700 1688 5759 Soron.
1716 5702 1804 5776 Scep,
