4150 6250
302 308 352 373 stt

965 316 994 369 S.
1016 311 1151 372 tsstrtcts
1170 312 1274 373 PAPAE

1905 324 1959 378 152

303 443 376 491 nnus.
401 428 558 484 reconsiliati
580 446 666 485 stratas
691 429 745 485 Deo
772 449 816 501 pet·
835 442 941 486 arronem
957 429 1020 487 litut
1042 434 1098 492 sius
1111 432 1221 494 Aenios
1237 443 1265 489 et
1283 437 1445 492 eotttumelia
1465 437 1491 492 in
1510 438 1752 512 loquelatlb'ccles.,
1769 440 1809 511 r),
1822 449 1850 496 et
1866 441 1892 495 in
1914 440 1959 495 lo·

303 518 393 595 (lions
410 518 448 593 r),
473 538 522 578 cur
534 524 703 594 insequimur
718 524 833 580 fratres?
845 524 901 581 Cur
916 526 1106 597 perturbamus

302 622 403 670 statum
423 613 553 671 Ereto-tn
570 617 633 684 Dei,
658 628 684 673 ei
699 620 805 690 eosqui
825 619 850 673 ei
869 622 972 675 servire
985 620 1104 689 debent,

302 705 465 776 albigiums?
494 708 625 782 Martyres
645 712 716 767 euim
741 713 811 782 passi
835 723 898 769 sunt
921 714 999 783 iidem
1024 715 1103 770 Cone.

303 798 374 872 eit.),
387 816 439 856 noo
451 811 538 859 tnrneu
550 805 647 860 auitum
658 821 751 863 errrrnn
762 808 858 864 occisso
869 818 932 865 sunl
946 814 970 865 in
981 813 1105 881 eorporis

304 894 445 960 passione,
460 909 507 949 ore
525 896 651 952 irritatis
663 908 808 955 attrrstnute
824 918 831 954 :
847 898 935 958 Nolite
955 904 1042 959 tinrcrs
1062 920 1104 959 eos

301 983 347 1053 qui
362 986 481 1040 occidunt
500 1003 609 1060 corpus.
625 991 736 1045 unimam
751 1002 836 1046 rentem
853 1010 904 1048 non
916 1006 1021 1067 possunt
1034 998 1105 1052 orci·

301 1074 362 1131 dere
389 1076 420 1149 (l
446 1078 600 1153 Motibus).
626 1082 675 1140 Ubi
701 1087 810 1157 agrrosei
834 1097 958 1157 oportet,
982 1091 1052 1160 quod
1079 1092 1102 1146 si

302 1171 401 1226 anirum
433 1186 598 1247 martyrum,
631 1192 746 1247 corpore
773 1194 932 1252 perempto,
964 1183 1101 1254 suppliciis

275 1330 280 1339 x
301 1264 419 1334 extingui
441 1280 493 1319 uon
517 1277 645 1339 possunt,
660 1285 710 1326 nec
731 1270 829 1326 animm
852 1273 1057 1343 predicatorum
1075 1285 1102 1332 ei

255 1344 258 1349 Δ
299 1354 442 1412 doctorum
459 1360 585 1431 persequi
605 1360 777 1430 debuissent,
793 1377 838 1420 nnt
854 1368 1024 1436 perturbari,
1041 1377 1068 1423 ct
1085 1385 1100 1423 n

300 1447 349 1531 liei
364 1448 493 1505 irrnulatu
511 1454 612 1516 auerti.
631 1456 694 1527 quia
711 1472 771 1511 cum
792 1459 952 1527 corporibus
967 1475 1019 1514 uon
1034 1460 1101 1517 deti-

298 1542 383 1598 ciout.
393 1543 473 1601 'lalr’s
483 1559 571 1603 nutem
586 1551 787 1618 perturbatores
799 1552 928 1610 lindesie
943 1569 996 1609 uon
1010 1556 1099 1611 solum

299 1635 429 1706 praedietn
441 1651 523 1708 agunt
549 1641 637 1708 maia,
653 1643 742 1699 sedet
758 1647 903 1702 memorius
923 1646 1012 1718 (Cone.
1029 1645 1100 1703 Gun-

297 1742 398 1795 prense,
414 1746 471 1799 cop.
485 1729 532 1795 id,
545 1733 639 1802 interp.
655 1734 747 1808 Dion.)
762 1749 909 1810 martyrum
925 1752 1097 1797 execrantur.

1157 524 1236 594 quein
1249 524 1347 596 lingon
1357 527 1500 585 Ιιιιιιιίιιίειι
1515 546 1595 587 casus
1609 533 1681 587 illius
1695 541 1748 589 est.
1760 531 1878 604 Ideoque
1890 548 1960 589 con·

1157 616 1271 672 nutrieris
1286 629 1342 682 est,
1360 620 1430 676 lrnne
1444 621 1552 690 quidem
1569 624 1751 681 ostensionem
1768 625 1961 696 reprehensio·

1158 724 1222 763 num
1241 709 1347 767 ntorum
1363 714 1462 770 nostris
1477 716 1581 771 artibus
1602 718 1695 781 inseri,
1718 734 1752 773 ue
1773 718 1887 773 ulterius
1899 718 1958 789 jam

1159 801 1220 856 talia
1237 804 1386 870 patiamini,
1402 808 1597 863 sernirrautibus
1611 810 1650 866 eis
1664 811 1766 866 zizania
1778 823 1802 865 et
1814 812 1957 877 smndsln,

1155 895 1202 950 sed
1223 896 1305 953 lntnri
1327 899 1353 952 iu
1374 900 1471 957 oliroiis
1490 911 1518 958 rt
1537 903 1707 974 dogmatibus
1728 905 1826 959 vestris
1848 921 1958 962 merea-

1156 986 1232 1042 mini.
1249 988 1333 1059 igitur
1352 993 1531 1056 erubescant.
1552 1012 1584 1050 ac
1600 996 1661 1050 mlrn
1677 1003 1705 1052 et
1723 995 1878 1065 trojusrnuti
1898 997 1959 1053 bia·

1154 1079 1305 1149 splierninm
1330 1085 1491 1142 srrlrtrslrerc
1513 1088 1653 1155 lenirent,
1672 1090 1694 1144 si
1717 1088 1852 1145 noluerint
1874 1105 1889 1144 a
1908 1105 1958 1146 sn·

1154 1174 1285 1229 eerriomli
1319 1187 1412 1233 nostro
1443 1180 1558 1252 collegio
1591 1182 1741 1253 segregati.
1774 1195 1801 1238 et
1828 1199 1843 1235 n
1872 1185 1958 1240 totius

1153 1264 1293 1320 christierni
1314 1269 1404 1337 populi
1426 1272 1555 1328 societate
1569 1273 1672 1328 divelli.
1686 1273 1761 1330 liret
1784 1290 1899 1346 unirique
1919 1274 1958 1331 de

1154 1352 1195 1408 lris
1219 1357 1293 1426 plura
1315 1369 1343 1415 et
1365 1376 1413 1430 per
1434 1366 1605 1431 rteeessnrin,
1619 1382 1678 1436 quas
1701 1366 1727 1421 io
1748 1366 1863 1423 decretis
1880 1369 1958 1424 sedis

1152 1449 1309 1516 apostolica·
1328 1461 1356 1507 et
1370 1454 1404 1507 ab
1419 1457 1549 1526 :rpostolis
1566 1473 1713 1530 eorumque
1731 1460 1955 1527 suecessoribus,

1152 1545 1251 1599 nostris
1260 1544 1383 1601 videlieet
1393 1547 1647 1617 predecessoribus,
1658 1561 1757 1606 statum
1767 1551 1954 1619 inveniuntur,

1150 1631 1243 1690 dicere
1266 1645 1293 1691 et
1315 1640 1488 1696 conscribere
1516 1643 1716 1711 potuissemus,
1740 1652 1830 1698 tnmeu
1855 1645 1957 1701 melius

1151 1727 1229 1783 nobis
1250 1731 1336 1785 risum
1358 1741 1415 1798 est,
1434 1743 1464 1787 ut
1479 1735 1621 1805 epistolam
1640 1736 1764 1792 oratione
1784 1737 1955 1794 claudemus.

297 1815 467 1890 Quapropter
492 1823 518 1877 p„
542 1824 652 1894 pfaeqqpq
674 1829 861 1886 consumamus
876 1831 991 1905 synodo·
1006 1835 1097 1891 qoqqs.
1112 1832 1136 1893 Β
1151 1819 1222 1875 Deus
1233 1823 1438 1894 onroipotcnset
1447 1827 1527 1895 lmjns
1535 1829 1687 1900 unigenitus
1695 1829 1787 1898 Filius,
1798 1841 1826 1886 et
1834 1832 1955 1889 salrartor

296 1924 350 1981 que
363 1922 391 1967 et
400 1915 525 1972 omnibus
536 1917 665 1976 Ecclesiis
677 1923 821 1978 terreudrmr
835 1927 1006 1997 cingendum
1020 1944 1097 1984 mno-

296 2003 411 2075 dnmus,
428 2020 459 2065 ut
478 2027 561 2081 supet·
577 2017 721 2071 memorias
737 2028 885 2092 martyrum
908 2022 998 2077 misse
1021 2022 1096 2080 cele·

295 2098 418 2167 brentur,
441 2120 475 2160 ne
494 2109 632 2164 memorie
652 2124 744 2165 eorum
757 2126 771 2165 a
786 2111 883 2168 talibus
895 2114 1029 2186 extingui,
1050 2126 1097 2172 aut

296 2198 437 2253 renerntio
452 2201 536 2270 possit
551 2202 698 2273 prolribrri.
711 2204 767 2260 llos
783 2221 864 2274 sero,
882 2206 995 2275 iratres,
1012 2209 1096 2267 notre

296 2286 411 2344 nrtrlmm
427 2293 546 2359 turbnri,
568 2295 652 2351 nolite
673 2299 765 2353 reneri
776 2341 784 2360 .
797 2301 844 2355 sed
864 2301 1055 2358 corilurtaruini
1069 2304 1095 2358 in

293 2378 424 2449 bertuino,
449 2396 476 2440 et
497 2386 524 2440 in
547 2390 665 2456 potentin
686 2392 816 2446 einritntis
831 2392 890 2462 ejus
906 2393 1028 2467 (Epiros,
1045 2396 1093 2470 rr).

295 2473 427 2532 liabetote
447 2477 555 2533 interim
577 2483 626 2536 ista
640 2482 673 2537 ad
687 2483 843 2556 suffragium
863 2498 999 2554 restrum,
1014 2505 1096 2561 apos·

294 2570 374 2626 tolicn
398 2572 556 2629 auctoritate
577 2575 685 2631 decreta
705 2594 712 2631 ι
740 2588 768 2632 ct
789 2579 885 2636 scitote
920 2596 969 2636 rue
988 2597 1096 2652 semper

294 2668 405 2736 pn'rntos
426 2664 527 2723 babere
541 2669 622 2724 etiam
647 2670 681 2744 (si
704 2686 816 2727 neeesse
838 2672 929 2742 luerit)
954 2690 1039 2746 usqne
1061 2678 1094 2731 nd

294 2771 426 2825 mortem,
451 2762 485 2817 ad
507 2778 684 2837 qrnecumque
714 2767 793 2823 vobis
819 2768 969 2824 necessu-in
996 2769 1094 2826 luerint

295 2852 422 2926 (Dorrrino
436 2871 514 2926 opem
531 2856 644 2930 terente)
661 2859 834 2931 perlicieudn.
852 2861 890 2916 ltti
907 2872 1013 2926 tarrrco.
1029 2878 1090 2919 arro·

293 2953 354 3002 tore
370 2947 442 3015 Deo,
467 2949 607 3017 peribunt,
623 2960 651 3007 et
665 2968 713 3008 ros
726 2953 848 3020 stabitis,
864 2954 888 3010 si
909 2965 997 3011 tsrrrten
1016 2957 1094 3012 labor

294 3049 386 3094 vester
401 3054 453 3096 rroo
468 3040 546 3098 luerit
562 3044 660 3112 inanis,
676 3046 724 3101 sed
736 3046 831 3116 plenos
845 3047 897 3104 lide
908 3058 936 3104 et
950 3048 1092 3107 charitate.

298 3128 361 3201 Voe,
378 3132 463 3204 inquii
481 3135 628 3205 proqrheia,
642 3140 686 3210 qui
700 3151 786 3208 potum
801 3143 846 3197 dot
857 3145 940 3198 orttiro
951 3161 1015 3208 stro.
1034 3147 1094 3200 mit-

295 3237 349 3281 tens
369 3228 405 3298 [ei
417 3245 491 3284 snum
504 3230 628 3300 (Habes,
644 3232 685 3307 rt).
702 3235 735 3290 Et
758 3236 856 3293 iterum
879 3227 1131 3310 sapientissirnusC

294 3318 421 3374 Salomon
435 3322 472 3377 ait
493 3322 571 3397 (liter
589 3328 676 3381 codem
690 3328 773 3398 irrep.
789 3328 886 3387 Felicis
898 3349 928 3399 n,
943 3334 978 3388 nd
991 3333 1095 3407 AEppp·

292 3409 353 3483 sios)
368 3410 441 3477 :Qut
453 3413 566 3478 loquitur
579 3418 668 3489 iniquo
689 3436 740 3474 non
756 3432 838 3490 potest
852 3423 946 3491 interr,
964 3443 1008 3481 uss
1027 3444 1094 3498 prse-

294 3507 365 3562 teriet
377 3508 451 3563 illurn
465 3511 605 3579 corripiens
616 3515 757 3585 judicium.
774 3515 807 3571 ln
824 3521 1019 3589 capitationibus
1033 3540 1094 3595 erqo

293 3599 367 3668 t'mpis'
381 3603 547 3674 iuterroqntio
565 3607 624 3661 erit.
640 3599 793 3664 Sermonum
807 3623 893 3666 nutem
912 3615 981 3669 iilius
995 3618 1094 3672 auditio

294 3692 329 3744 ud
343 3691 484 3749 Dominum
498 3699 634 3767 perueniri,
652 3710 676 3755 et
688 3701 722 3755 od
735 3708 918 3777 correptionem
929 3708 1094 3780 iniquitatum

292 3782 373 3839 illius.
391 3785 520 3850 Quonirun
542 3792 612 3845 uaris
634 3793 684 3847 seli
707 3796 779 3849 ondit
802 3800 905 3866 urrrnio,
929 3812 952 3855 et
969 3804 1094 3859 turrtultus

294 3880 524 3935 mortrurrotionnm
537 3900 588 3937 non
603 3885 781 3943 abscondetur.
798 3888 888 3962 (Sap,
904 3890 936 3965 ι).
952 3894 1093 3952 ilaeeenim

291 3969 316 4025 si
341 3971 466 4042 amplecti
491 3975 640 4034 voluissent
667 3981 776 4051 proprio
801 3993 829 4038 et
852 3999 1031 4056 manserem,
1060 3991 1094 4047 nd

293 4067 439 4135 reprobum
461 4083 568 4125 serrsurn
593 4072 700 4127 minium
717 4076 893 4133 iuberentur:
912 4082 959 4136 sed
982 4085 1093 4152 perlici

294 4159 419 4217 timorem
435 4179 590 4221 sermonum
604 4182 714 4223 suorum
728 4185 912 4241 praecaventes
922 4177 1091 4247 custodiam,

293 4252 365 4323 pium
385 4266 538 4314 sarretortmr
560 4270 665 4331 qrntrum
685 4262 873 4322 dillinitiouem
895 4269 954 4323 sine
975 4272 1092 4341 qondam

294 4350 448 4404 nocumenti
460 4353 680 4422 presumptione,
693 4355 785 4426 utique
795 4373 1001 4417 crrrrscrvnssent
1020 4365 1093 4432 Quo·

294 4436 367 4494 ninm
377 4441 442 4498 dieii
450 4459 557 4500 sacrrun
570 4446 707 4516 eloquium
717 4465 723 4502 z
733 4448 874 4507 Consilium
883 4454 976 4509 bouum
986 4474 1092 4513 conser-

293 4534 361 4590 snbr't
375 4544 409 4600 te,
423 4545 446 4590 ei
456 4553 527 4592 rrrens
537 4538 602 4592 bono
612 4542 735 4596 custodiet
745 4552 769 4597 te
779 4543 884 4618 (Pron,
896 4546 938 4619 n).
950 4550 1007 4603 Non
1018 4553 1091 4608 enirn

287 4617 329 4684 ‘de
342 4626 462 4684 iorrtibns
475 4630 619 4686 salotiieris
639 4632 816 4702 spiritualiter
832 4638 865 4692 ad
884 4643 1091 4712 acquisitionem
1105 4628 1131 4688 Ῑ)

292 4728 403 4777 seierum
417 4721 480 4776 otiu
494 4725 643 4792 procedunt
659 4728 727 4782 tales
742 4732 927 4790 aestuationes
940 4749 967 4790 ct
982 4736 1090 4795 detrae-

291 4814 398 4882 tiones,
420 4825 499 4885 ntqne
521 4818 582 4872 ideo
605 4833 794 4890 corriperenter
811 4840 860 4880 nos
874 4829 968 4885 beatus
991 4830 1091 4889 Paulus

291 4907 429 4977 apostolus
454 4911 634 4979 praemuniens
655 4915 693 4968 ait
709 4931 716 4968 :
732 4913 793 4971 Non
814 4918 904 4973 debere
923 4922 982 4992 plus
1000 4941 1092 4997 sapere

289 5015 367 5070 quom
397 5011 495 5068 oportet
527 5020 633 5075 supere,
665 5007 710 5062 sed
743 5026 833 5080 sapere
863 5013 898 5067 nd
930 5014 1090 5074 robnetotem

289 5089 392 5165 (diano,
409 5093 467 5167 ιιι),
488 5095 514 5151 in
534 5097 693 5156 delinitione
713 5102 820 5173 pietatis
837 5107 1022 5176 perdurantes.
1037 5113 1089 5180 Qui

290 5184 362 5238 enim
376 5185 434 5241 bne
449 5199 630 5259 praetereunt,
649 5209 702 5248 non
722 5205 825 5251 inritum
841 5200 897 5254 bosi
919 5212 997 5271 suot,
1014 5204 1088 5261 deei-

289 5274 420 5333 derrtesn
444 5281 665 5341 corroboratione
689 5304 755 5354 sun,
782 5293 828 5347 sed
851 5293 1012 5367 insipientiae
1031 5316 1088 5357 sune

289 5371 491 5441 dereliquerunt
509 5375 634 5432 domibus
648 5384 816 5453 memoriam,
832 5397 861 5442 ut
872 5390 898 5444 in
913 5391 972 5459 iris,
986 5393 1012 5448 io
1026 5396 1088 5465 qni-

287 5460 339 5520 bus
360 5472 685 5537 menecratum-minime
704 5474 789 5536 intere
811 5483 974 5551 potuissent.
993 5485 1085 5546 Gloria

1148 1920 1240 1968 noster
1253 1911 1378 1969 Christus
1399 1916 1450 1972 lroc
1469 1919 1544 1973 robis
1564 1920 1665 1975 tribunt
1680 1921 1902 1988 incitamentum,
1920 1935 1952 1979 ut

1147 2006 1271 2061 omnibus
1286 2007 1414 2064 iratribus
1428 2020 1456 2067 et
1465 2012 1636 2084 coepiscopis
1650 2015 1761 2080 nostris,
1776 2015 1952 2086 quibu-cum·

1147 2115 1201 2170 que
1228 2100 1448 2161 tribulationibus
1473 2106 1675 2175 laborantibus,
1702 2111 1765 2166 totis
1788 2115 1954 2169 succurratis

1147 2191 1270 2259 viribus,
1289 2205 1317 2250 et
1337 2212 1399 2252 cum
1420 2199 1461 2253 eis
1475 2201 1688 2270 compatientes,
1704 2216 1814 2258 crucem
1830 2205 1953 2274 ejrisdem

1149 2285 1254 2343 bortriui
1269 2288 1423 2347 silvatoris
1452 2296 1583 2363 portetis,
1604 2307 1632 2350 ut
1649 2302 1705 2353 rest
1728 2299 1812 2368 ipsius
1827 2300 1953 2371 discipuli

1146 2392 1239 2434 coram
1251 2383 1377 2436 omnibus
1388 2387 1552 2454 appareatis.
1566 2398 1594 2442 ut
1605 2400 1632 2442 et
1643 2405 1700 2457 ros,
1713 2392 1798 2462 etqui
1811 2392 1952 2449 virbiseum

1147 2480 1222 2539 suot,
1237 2472 1279 2527 bic
1290 2485 1318 2529 et
1331 2476 1357 2530 in
1372 2476 1463 2533 futuro
1474 2480 1585 2534 meliora
1607 2482 1778 2553 possideatis„
1791 2501 1850 2555 ane
1862 2488 1953 2543 ocutus

1146 2579 1197 2617 uon
1211 2565 1284 2632 uidit,
1295 2583 1341 2621 nes
1352 2569 1544 2635 teneritudinis,
1557 2578 1690 2627 arciacus
1700 2575 1812 2629 bominis
1824 2578 1951 2642 ascendit,

1146 2664 1358 2731 qarepreporneit
1369 2663 1438 2718 Deris
1453 2665 1617 2739 diiiqenls'bus
1627 2686 1653 2723 se
1662 2667 1683 2740 (l
1693 2666 1766 2735 Cor„
1779 2669 1819 2742 ιι).
1835 2672 1888 2730 Pet
1899 2674 1953 2732 Do·

1146 2754 1248 2808 minum
1258 2764 1381 2811 nostrum
1389 2758 1696 2832 lesurrrlllrristuur,por
1706 2781 1785 2834 quem
1793 2778 1887 2822 etrum
1896 2784 1953 2840 quo

1146 2844 1321 2915 omnipotenti
1343 2849 1397 2904 lieo
1409 2851 1493 2920 gloria
1517 2854 1543 2907 in
1559 2855 1657 2909 saecula
1671 2859 1951 2917 recommissum.

1145 2934 1243 2994 Valere
1260 2955 1308 2996 ros
1320 2953 1402 3012 opto,
1416 2942 1568 3001 charissimi
1584 2946 1691 3005 iratres.
1707 2951 1771 3005 liuta
1784 2953 1877 3021 quinto
1890 2954 1953 3012 idus

1145 3032 1270 3100 augusti,
1290 3032 1405 3089 Claudio
1419 3047 1446 3091 ct
1461 3035 1580 3093 Paterno
1595 3040 1662 3095 siris
1676 3042 1835 3100 clarissimis
1849 3060 1952 3102 consu·

1145 3119 1247 3180 laribus
1262 3131 1320 3196 (arr.
1335 3126 1434 3183 Cirristi
1448 3128 1514 3194 ibi).
1528 3130 1647 3187 nundum
1664 3143 1770 3190 mortuo
1793 3137 1951 3211 Dionysio).

1432 3259 1602 3319 Epistula
1620 3264 1664 3320 ltt.

1359 3391 1394 3430 an
1419 3391 1552 3433 seniorunt
1578 3393 1736 3436 errscorme

1182 3505 1201 3560 Ι.
1219 3504 1313 3560 ldmont
1325 3510 1367 3577 qai
1386 3506 1411 3561 F
1411 3509 1484 3563 iliam
1507 3526 1557 3565 nott
1571 3512 1656 3567 sidere
1667 3512 1772 3570 Patrem
1783 3519 1949 3591 corrtetrdstnt,

1145 3598 1250 3668 eoqrtod
1263 3598 1343 3652 Derim
1355 3617 1428 3655 nertio
1441 3602 1503 3655 uidit
1514 3620 1643 3674 urrrqnnnr.

1184 3690 1216 3744 tt.
1236 3689 1330 3745 Eurum
1344 3693 1499 3763 offirrnmrtes
1514 3693 1612 3750 Filium
1634 3698 1755 3755 sanorem
1779 3701 1872 3776 Putre,
1889 3707 1951 3779 quio

1146 3780 1192 3834 itte
1202 3781 1345 3845 inuisibilis,
1363 3782 1448 3838 Filius
1463 3801 1520 3839 arro
1533 3788 1649 3844 risibilis.

1182 3870 1354 3928 Dilectissimo
1365 3875 1441 3944 fratri
1449 3875 1565 3949 Bessique
1573 3884 1704 3954 episeopo,
1714 3884 1792 3941 r'etin
1801 3889 1947 3962 episeopus,

1145 3957 1173 4012 t'n
1186 3957 1297 4014 donnino
1308 3962 1428 4016 sulutem.

1181 4092 1365 4164 Suscipiuntes
1386 4096 1562 4156 fraternitatis
1579 4111 1630 4158 tum
1644 4105 1772 4176 epistolas
1785 4110 1948 4184 (lusitaniae,

1144 4203 1185 4259 sp.
1199 4192 1226 4258 v)
1239 4231 1246 4252 ,
1261 4192 1359 4260 quibus
1382 4210 1424 4246 tue
1444 4195 1580 4261 requisisti
1595 4213 1677 4269 super
1691 4203 1752 4258 iudei
1763 4206 1946 4278 decernentis,

1144 4296 1205 4351 quae
1221 4282 1255 4337 nb
1266 4284 1328 4339 nliis
1339 4285 1508 4343 innitebantur
1518 4289 1606 4352 aliter,
1618 4309 1698 4362 qtrnrn
1714 4310 1795 4353 rectae
1808 4300 1868 4357 odet
1882 4321 1949 4357 cnu-

1146 4376 1249 4431 tinennt
1259 4390 1438 4437 sacramenta,
1452 4395 1530 4451 prout
1549 4384 1678 4442 Drrnriuus
1689 4388 1777 4453 dedit,
1793 4409 1842 4463 pro
1853 4397 1950 4454 irater·

1145 4468 1237 4524 nitatis
1252 4487 1346 4528 amore
1368 4477 1533 4545 respondere
1550 4495 1603 4532 nou
1618 4483 1817 4542 resultatimns.
1834 4489 1948 4563 Semper

1144 4563 1217 4617 enirn
1241 4562 1322 4618 dobin
1346 4575 1375 4620 et
1400 4568 1501 4636 urap'orn
1529 4573 1651 4643 negotia,
1681 4578 1824 4633 terminum
1847 4583 1881 4637 nb
1896 4583 1947 4641 line

1144 4668 1238 4710 sarreia
1257 4658 1334 4726 sede,
1349 4674 1364 4713 n
1379 4669 1501 4731 terrrpore
1521 4667 1723 4736 apostolormu,
1749 4674 1794 4743 qui
1812 4690 1870 4730 enm
1889 4680 1947 4734 suis

1143 4747 1314 4808 documentis
1329 4754 1524 4821 instruxerunt,
1546 4762 1670 4832 :recipere
1684 4780 1896 4825 eonsnercrunt.
1914 4772 1948 4827 Et

1141 4843 1204 4899 ideo
1217 4856 1244 4900 tu
1258 4859 1332 4903 recte
1346 4849 1443 4911 iecisti.
1458 4853 1529 4921 quod
1545 4853 1625 4926 hujus
1637 4871 1738 4914 sarrinnr
1751 4862 1825 4919 sedis
1837 4868 1946 4922 eonsul-

1143 4937 1177 4992 tis
1191 4947 1217 4995 te
1240 4951 1406 5010 ceterosque
1429 4944 1529 5001 lirmnri
1543 4957 1571 5004 et
1586 4951 1682 5007 instrui
1696 4954 1816 5011 voluisti.

1177 5031 1199 5087 1.
1213 5032 1439 5093 —Coutinebsnt
1462 5040 1535 5094 enim
1556 5042 1652 5100 littere
1674 5054 1745 5113 tuae,
1774 5048 1944 5122 fratrumque

1144 5132 1261 5190 tuorum.
1281 5128 1473 5196 quodquidam
1492 5132 1597 5201 dirum,
1611 5133 1706 5193 Filium
1725 5155 1777 5195 uon
1789 5157 1868 5210 posse
1879 5157 1944 5215 pro·

1143 5234 1170 5289 pr
1177 5218 1201 5274 ie
1216 5219 1308 5275 ridere
1332 5219 1454 5289 intrent,
1467 5224 1529 5294 quin
1543 5227 1673 5295 scriptum
1695 5239 1737 5285 est
1753 5247 1761 5285 ε
1777 5230 1859 5288 licum
1874 5238 1940 5292 eninr

1140 5326 1214 5364 nemo
1237 5310 1299 5364 sidit
1321 5327 1452 5380 utriquarn.
1470 5316 1504 5368 Et
1524 5316 1569 5371 alii
1586 5318 1688 5390 surgunt
1703 5337 1710 5374 ε
1723 5320 1788 5378 ideo
1799 5326 1888 5383 minor
1900 5338 1943 5384 est

1139 5401 1219 5458 Patre
1234 5402 1335 5472 Filius,
1347 5406 1473 5472 quoniam
1486 5406 1565 5464 Potes
1578 5408 1619 5465 ilii
1631 5413 1745 5482 perbibet
1756 5416 1939 5477 testinnonium.

1137 5494 1253 5563 Quidam
1270 5506 1361 5553 autem
1376 5497 1509 5572 garriunt,
1523 5503 1595 5573 quod
1611 5504 1672 5562 ideo
1685 5505 1766 5565 Patre
1782 5512 1870 5569 rrriuor
1885 5525 1938 5588 est,

903 5673 1096 5738 suessones
1114 5678 1321 5740 inurentes.

316 5829 329 5861 ¹
346 5829 375 5882 ln
386 5829 470 5896 turm
481 5832 671 5904 bominisjlobb.
