4150 6250
152 298 204 357 369

762 293 796 349 ln
817 292 1011 363 annectunt,
1031 296 1108 354 CAP.
1130 298 1150 353 Ι.

1740 299 1795 358 eto

147 413 218 470 trina
230 425 278 482 soa
292 416 404 481 repente
425 408 589 480 compleam
604 411 650 483 qui
664 409 771 466 ratibus
783 418 811 466 et
821 408 945 482 barospi·
960 413 985 472 Α
998 412 1143 483 antiquitas
1165 422 1204 470 tet
1227 423 1416 487 tatttorqmqne
1430 391 1553 472 errorum
1576 426 1604 474 et
1622 416 1795 488 tabularum,

146 507 222 563 eibos
233 504 371 561 silentium
390 502 531 574 imposuit,
546 519 578 560 ac
592 519 731 576 magorum
747 505 855 576 pertitus
868 518 944 560 eent-

145 603 242 660 tttinttit
253 599 448 671 arrogantiam.

180 699 274 770 Neque
292 698 335 753 itis
355 699 456 770 opponi
472 707 597 768 poteraut
607 709 709 755 curatas
723 700 758 754 ab
772 697 943 756 erttutcurum

144 793 198 850 diis
208 793 323 848 tuttrmu
335 791 525 848 nonnullorum
538 792 677 848 bominum
689 793 866 849 valetudines.
875 791 943 848 Nam

144 885 196 942 boe
220 885 330 942 interim
358 884 443 956 gratis
458 885 533 948 dato,
548 895 652 941 eertum
667 895 727 941 erat
751 900 765 940 a
787 887 862 942 nulle
881 901 943 941 um·

143 999 222 1056 quam
235 982 374 1056 gentilium
390 982 452 1050 deo,
468 982 546 1038 sicuti
566 998 581 1035 a
597 982 716 1047 Christo,
730 982 811 1053 agris
827 981 943 1037 tromitti-

143 1076 203 1144 bos,
221 1078 279 1133 sola
297 1074 417 1131 aditibita
443 1089 524 1130 mono
541 1083 587 1129 aut
600 1090 678 1142 uoce,
695 1074 826 1130 redditam
841 1074 943 1129 sanita-

142 1179 208 1226 tem.
224 1168 315 1225 Gratis
326 1169 407 1225 etiarn
421 1168 555 1224 Arnebius
568 1168 692 1223 cottcedit
701 1167 760 1223 lieri
774 1168 905 1239 potuisse,
914 1175 943 1223 ut

142 1262 209 1319 deus
222 1263 322 1333 aliquis
336 1277 418 1317 ortum
434 1271 477 1316 aut
491 1261 606 1317 alterum
623 1276 724 1331 aegrunt
738 1255 943 1331 berttinentqni·

141 1353 256 1410 busdam
271 1353 474 1410 medicamentis
489 1354 633 1409 sanarerit.
652 1355 687 1408 tit
711 1353 815 1418 multa,
832 1353 940 1423 iuquit,

141 1456 206 1502 suut
231 1446 313 1502 miliia
332 1445 483 1510 bourittttm,
500 1447 544 1515 qui
558 1446 608 1501 etsi
623 1450 651 1501 in
673 1445 779 1515 templis
791 1445 941 1514 saepissime

140 1540 273 1610 prostrati
287 1537 472 1608 AEseulapinut
487 1538 608 1609 aliosque
623 1538 690 1594 deus
704 1539 803 1609 saepius
817 1538 941 1609 repetitis

140 1631 270 1702 precibus
283 1639 311 1685 et
321 1631 392 1686 rtttis
413 1631 599 1700 fatigaverint3
622 1629 724 1685 unitum
739 1640 828 1686 tamen
845 1646 878 1685 ue
891 1629 942 1684 mi·

996 508 1092 577 quibos
1105 508 1261 565 eurumdem
1275 511 1418 582 gentilium
1436 510 1497 567 libri
1510 521 1625 578 scatettt,
1643 523 1728 568 ntater
1740 527 1797 569 nott

996 599 1096 656 itteris?
1109 601 1177 671 Quid
1194 617 1270 664 rere.
1284 602 1356 675 qued
1373 601 1474 659 salsitas
1496 602 1575 676 lenge
1596 604 1700 660 facilius
1713 605 1739 661 in
1754 620 1797 662 rc-

995 692 1163 750 centioribus
1176 696 1285 767 seriptis
1298 712 1379 768 quant
1395 697 1422 752 iu
1438 697 1644 769 atttiquissimis,
1657 709 1745 772 petest
1761 703 1796 758 ab

995 788 1121 844 omnibus
1135 787 1323 862 deprehendi?

1030 883 1166 940 lustabant
1181 884 1282 940 etltnici
1299 883 1382 940 libros
1401 885 1611 942 cltristianerum
1625 887 1660 942 ab
1679 886 1796 943 indoctis

994 975 1150 1030 bominibus
1165 975 1224 1031 rudi
1237 976 1414 1049 impoliteque
1427 992 1554 1034 sermone
1564 990 1699 1044 exaratos,
1714 979 1798 1037 seloe·

994 1068 1086 1125 eismis
1098 1078 1126 1124 et
1139 1068 1314 1126 barbarismis
1328 1071 1427 1142 ultique
1440 1070 1509 1127 lande
1521 1070 1700 1142 coinquinari.
1716 1071 1795 1141 Esto,

994 1160 1141 1232 respondet
1155 1163 1300 1218 Arnubius.
1316 1163 1401 1235 llajur
1416 1163 1537 1234 proiecto
1551 1166 1591 1220 eis
1607 1165 1674 1221 tides
1692 1164 1796 1223 idcirco

994 1256 1119 1312 habenda
1140 1266 1198 1320 est;
1222 1257 1284 1329 quia
1308 1274 1323 1311 a
1347 1269 1438 1315 moute
1461 1258 1595 1327 simplici,
1620 1270 1647 1315 ct
1668 1259 1797 1317 lenocinii

992 1349 1102 1420 ignara,
1120 1350 1286 1421 prodierunt.
1301 1349 1441 1407 Sermonis
1455 1353 1526 1407 cuim
1542 1352 1673 1424 elegantis
1687 1361 1714 1406 ct
1729 1352 1796 1423 poli·

993 1441 1069 1497 tturis
1084 1441 1197 1506 laruam,
1214 1458 1356 1513 pompam,
1373 1452 1454 1514 atque
1467 1455 1625 1498 ornamenta
1640 1443 1699 1498 lero
1710 1443 1796 1499 retin-

992 1535 1107 1608 quenda,
1120 1537 1218 1591 uetitas
1232 1551 1285 1591 uou
1298 1547 1428 1592 sectatur.
1441 1537 1542 1593 Deinde
1557 1536 1614 1593 lraec
1626 1537 1682 1606 ipsa
1695 1536 1795 1592 ueritas

993 1628 1064 1684 inter
1078 1629 1212 1683 sermonis
1224 1628 1297 1694 titia,
1312 1629 1383 1684 sieut
1399 1628 1486 1685 bouus
1499 1628 1569 1683 irtter
1583 1643 1682 1700 r'eprus
1696 1638 1721 1683 et
1737 1629 1794 1698 spi·

141 1725 244 1778 nimum
265 1723 373 1792 quidem
391 1723 543 1778 invenerint
562 1723 760 1788 levamentum,
779 1725 842 1794 quin
858 1724 942 1781 imme
956 1738 981 1799 tt
995 1734 1043 1774 nus
1057 1716 1179 1784 tructus,
1200 1719 1309 1790 prodest
1325 1734 1433 1787 sember
1452 1718 1564 1774 httsslitti·
1586 1718 1626 1774 Ad
1641 1718 1699 1774 itfflc
1712 1733 1794 1784 lel'0t

140 1816 218 1889 pejus
233 1814 315 1870 etiam
332 1825 424 1886 postea
440 1829 470 1871 ae
485 1815 637 1871 imbuerint.
991 1831 1052 1872 eum
1066 1814 1100 1870 de
1114 1815 1195 1870 rebus
1217 1815 1251 1869 ab
1265 1814 1447 1870 ostentatione
1460 1812 1593 1868 subtractis
1608 1811 1713 1882 agitur,
1729 1811 1795 1883 qnid

174 1907 377 1979 Ncqnepatitnr
391 1906 443 1962 sibi
456 1906 491 1961 ab
505 1906 559 1962 alio
571 1907 663 1976 gentili
678 1907 760 1977 objici
778 1907 841 1964 terri
862 1909 941 1965 ediis
992 1909 1097 1978 reipsa,
1115 1923 1167 1962 nort
1183 1906 1318 1978 quomodo
1336 1907 1455 1972 dicatur,
1471 1906 1589 1976 spectari
1610 1904 1699 1961 debet.
1716 1905 1792 1975 Qua-

140 2016 218 2070 opem
236 2013 290 2054 nen
307 1999 385 2054 utalia
399 1998 519 2070 quidem,
541 1998 588 2054 sed
609 1999 687 2054 bouis
703 2000 807 2071 piisque
826 2001 941 2056 bomini·
993 2001 1113 2057 molerem
1136 1999 1258 2055 nonnulli
1277 1998 1415 2070 sapientie
1430 1997 1532 2062 dediti,
1555 1996 1660 2052 ttttuutsi
1682 2012 1748 2069 pure
1761 2006 1791 2052 et

141 2091 200 2146 bus.
218 2088 344 2145 Citristtts
365 2091 498 2160 siquidem
523 2090 602 2145 rttalis
614 2091 739 2146 omnibus
756 2093 897 2163 :uqttaliter
910 2108 942 2149 ae
993 2105 1089 2152 eutnte
1103 2094 1175 2165 loqui
1190 2093 1342 2165 potuerint;
1357 2108 1464 2149 omnent
1480 2100 1569 2149 tamen
1586 2092 1719 2148 scrutonis
1733 2091 1793 2148 eui·

140 2183 218 2238 benis
244 2184 388 2239 succurrit.
413 2181 514 2239 Deinde
544 2198 609 2238 rcre
631 2183 709 2239 sidit
735 2184 812 2240 botris
837 2195 939 2241 tantum
994 2201 1050 2243 tum
1074 2188 1237 2257 rejecerunt.
1254 2187 1373 2257 lienique
1394 2187 1485 2242 nullos
1498 2200 1589 2242 sermo
1610 2196 1706 2241 natura
1726 2200 1792 2252 sua,

141 2281 239 2335 anxilio
252 2277 371 2345 luerunt,
387 2279 413 2335 id
427 2294 481 2333 nen
494 2277 592 2334 ditium
606 2279 710 2346 uirtuti,
726 2280 773 2335 sod
794 2280 872 2336 alicui
887 2281 941 2337 iur-
993 2281 1030 2337 uti
1047 2282 1142 2350 probat
1158 2281 1310 2348 Anniculus,
1328 2279 1376 2336 sed
1397 2279 1535 2335 ltontirtuttt
1556 2278 1696 2333 dumtaxat
1711 2277 1794 2335 bene·

142 2375 207 2428 tuito
221 2373 298 2428 casui
311 2376 363 2427 erit
379 2371 562 2442 proculdubio
572 2370 755 2428 tribuendum.
992 2375 1091 2448 placito
1107 2385 1148 2429 est
1163 2375 1285 2431 uitiosus.
1589 2355 1596 2364 ’

177 2464 246 2520 iera
269 2477 359 2520 antem
377 2478 439 2520 esse
457 2463 556 2519 Cbristi
578 2464 708 2519 miracula
730 2472 825 2521 auctor
846 2474 939 2521 noster
1025 2468 1089 2524 lluc
1103 2484 1183 2539 perro
1192 2466 1293 2523 ethnici
1303 2481 1364 2522 eunt
1377 2480 1475 2536 negare
1485 2480 1538 2520 non
1550 2474 1671 2537 possent,
1684 2462 1793 2520 aehris·

141 2559 230 2614 adime
251 2559 370 2615 ostendit
395 2558 494 2615 exilia
517 2574 628 2629 prorsus
651 2558 766 2613 ntirabili
790 2569 937 2628 potestate,
991 2563 1071 2620 tiattis
1085 2561 1256 2633 postulabant
1275 2577 1324 2616 cor
1337 2559 1475 2623 dtrrtstus,
1498 2560 1519 2614 si
1537 2560 1607 2614 bens
1622 2559 1657 2614 sit
1694 2557 1789 2613 buma-

142 2667 227 2721 quam
240 2650 311 2707 dudit
325 2652 406 2708 etiam
422 2650 522 2706 iulimae
538 2649 625 2721 plebis
645 2649 807 2715 ltoutiuitms,
824 2652 938 2721 piscato·
991 2673 1053 2713 naut
1070 2656 1183 2711 iormaru
1199 2654 1295 2718 induit,
1310 2662 1336 2708 et
1356 2667 1432 2709 mere
1447 2652 1625 2720 interetttptus
1638 2658 1681 2706 est
1695 2648 1791 2708 boma-

142 2746 229 2813 riims,
243 2745 392 2816 opittrtbus,
405 2746 546 2801 rusticanis
563 2744 690 2815 quelibet
707 2744 766 2801 sole
786 2745 871 2816 ipsius
890 2761 940 2802 no·
993 2748 1048 2806 ne?
1065 2749 1111 2802 llis
1126 2747 1262 2804 Areebius
1283 2745 1360 2800 tacite
1379 2744 1520 2808 satisfacit,
1536 2744 1626 2815 aitque
1636 2742 1787 2808 Christum,

140 2844 214 2897 mitte
226 2843 343 2911 prodigia
355 2840 462 2896 edendi.
477 2838 535 2894 Non
551 2841 622 2894 enim
636 2839 751 2908 tupiter,
765 2854 814 2896 uec
825 2839 941 2896 Zoroas·
992 2843 1054 2913 quia
1069 2842 1095 2896 in
1110 2838 1268 2913 pritttigeuia
1284 2848 1312 2894 et
1328 2837 1488 2908 incorporeo
1510 2851 1557 2891 suu
1579 2842 1674 2890 tratura
1688 2850 1702 2888 a
1717 2832 1791 2888 nullo

141 2943 205 2990 tres.
221 2935 378 2999 Arturuius,
392 2931 559 3004 Pampltilus,
578 2933 749 3003 Apollonius,
771 2931 937 3002 lituttigerus,
992 2950 1120 3006 nmquam
1133 2933 1240 2988 bomine
1264 2929 1365 2994 rideri,
1381 2945 1431 2985 nec
1446 2930 1514 2984 ttrori
1529 2926 1629 2999 potttit,
1642 2926 1788 2981 itomanam

140 3028 292 3092 Dardanus,
305 3026 397 3089 ictus.
408 3025 541 3092 turinum,
555 3025 682 3092 Beltuins,
693 3036 739 3080 aut
751 3024 862 3095 quilibet
870 3025 940 3081 alius
992 3031 1092 3087 idcirco
1105 3031 1287 3101 adsumpsisse
1302 3027 1433 3091 formant,
1450 3042 1502 3098 qua
1518 3043 1548 3082 se
1561 3027 1601 3082 eis
1614 3026 1781 3097 conspicien-

141 3121 241 3192 aliquid
257 3120 300 3175 bis
315 3118 446 3192 prodigiis
465 3118 554 3174 simite
574 3116 676 3185 edidit,
690 3117 737 3173 sud
754 3133 788 3173 ne
804 3118 938 3189 pustulam
990 3125 1240 3190 primdar01,eunr
1264 3124 1304 3179 eis
1328 3131 1496 3189 versaretur,
1520 3138 1551 3175 uc
1573 3117 1681 3177 taudem
1697 3129 1790 3191 posset

141 3216 248 3287 quidem
264 3214 333 3284 pori,
345 3230 377 3268 oc
392 3212 515 3269 Christos
530 3210 641 3282 ejttsqu'e
654 3213 787 3283 ‹liscipuli,
800 3212 882 3268 mode
895 3229 938 3269 st·
990 3227 1105 3274 mortem
1117 3218 1203 3273 ubire.
1215 3217 1270 3273 Cur
1284 3231 1348 3272 vero
1359 3216 1502 3271 itomanam
1516 3215 1694 3285 potiusquam
1704 3213 1785 3267 :tliam

141 3307 221 3363 uutt.
242 3305 279 3361 Et
298 3321 363 3360 saue
377 3315 486 3375 quauta
500 3303 691 3375 uraguttodtuts
708 3314 736 3360 et
749 3306 891 3375 petest-tis
904 3305 940 3360 su
991 3324 1114 3369 naturum
1138 3312 1291 3381 acceperit,
1313 3311 1428 3367 luteum¹
1449 3308 1585 3364 uruotttua
1608 3306 1706 3362 tatteuu
1727 3320 1788 3361 osse

141 3401 196 3472 ipse
208 3401 346 3465 CitristttS,
363 3399 487 3455 sublimis·
502 3408 529 3454 θῑ
543 3399 577 3453 ab
593 3398 685 3453 intimo
699 3398 790 3455 iiidice
803 3398 938 3477 011115,Ιὲὶῇ
990 3419 1096 3470 capsas,
1112 3419 1179 3477 quas
1192 3404 1326 3459 obstinata
1340 3403 1480 3475 gemilium
1494 3399 1668 3457 incredulitas
1682 3413 1714 3454 ag
1728 3413 1789 3470 W·

140 3496 217 3551 metsi
234 3493 391 3549 lrouriuibus
404 3492 468 3548 elittt
483 3492 643 3564 irtceguitus,
660 3494 703 3549 rel
715 3493 790 3555 solis,
805 3510 865 3563 qum
878 3493 937 3564 ipse
989 3499 1089 3556 uicaria
1104 3498 1232 3570 orpttrart
1248 3513 1302 3553 non
1318 3497 1434 3552 sitrcltat.

141 3589 272 3643 moriente
286 3587 438 3652 factasunt,
451 3585 587 3641 ntiracttlis
598 3585 937 3642 eriderttissimedetnetts·
1026 3594 1060 3647 Ar
1077 3592 1103 3645 tri
1119 3607 1224 3646 rursum
1249 3589 1413 3661 objiciebant
1434 3587 1592 3645 incredibile
1615 3601 1740 3655 prorsus,
1755 3600 1788 3641 ee

142 3692 238 3737 uatum
250 3689 303 3737 est.
988 3685 1135 3741 cimmeriis
1151 3684 1271 3741 tenebris
1284 3683 1426 3740 obscurius
1445 3697 1525 3750 esse,
1545 3681 1682 3738 Christum
1703 3681 1788 3737 iteum

177 3774 405 3845 licqueeotliendi
421 3784 498 3831 erant
516 3776 646 3847 gentiles,
668 3776 712 3846 qui
728 3775 786 3832 bare
798 3776 861 3832 laisa
875 3792 936 3834 esse
988 3790 1016 3837 et
1029 3779 1167 3836 bominem
1183 3778 1300 3834 hnmana
1317 3786 1420 3834 tautum
1435 3786 1530 3833 natura
1543 3777 1639 3841 uisum,
1654 3775 1790 3847 patiltulo·

142 3871 302 3927 intolerabili
338 3886 449 3943 prorsus
479 3870 589 3926 audacia
623 3871 806 3929 clamitabant.
842 3872 937 3929 'iceles
989 3890 1042 3946 quc
1056 3873 1172 3928 utilitum
1192 3872 1274 3926 ritant
1288 3870 1419 3926 ssnirisse.
1433 3870 1486 3925 Sed
1509 3868 1594 3925 lutilis
1611 3878 1667 3933 est,
1685 3869 1722 3923 uit
1735 3872 1788 3924 Ar·

139 3966 278 4021 euiutrere
293 3965 513 4035 locupletissimi,
530 3980 580 4021 nee
598 3964 678 4021 lacile
689 3966 810 4033 creduli,
827 3982 858 4023 ea
871 3982 935 4037 pes·
989 3965 1096 4030 nobios,
1113 3964 1171 4019 ittae
1184 3963 1348 4034 redargutio.
1361 3962 1427 4017 Nam
1440 3961 1463 4018 si
1476 3962 1588 4034 Sibylla,
1605 3961 1694 4027 breis,
1707 3960 1788 4016 liele·

139 4059 203 4114 teris
221 4057 935 4130 tradiderunt,qtuuuisiipsaluceluissetttclariora,
989 4073 1058 4118 nus.
1081 4056 1209 4124 llartins,
1239 4054 1339 4127 aliique
1369 4053 1527 4109 eorontdem
1550 4053 1689 4122 gentilium
1714 4063 1789 4108 rates

138 4154 173 4210 illi
185 4165 262 4210 certe
274 4170 304 4209 eu
316 4152 485 4225 paulutum·
500 4154 526 4208 iu
539 4169 683 4209 commune
694 4154 833 4209 lrotttintrm
844 4154 935 4209 odium
989 4149 1071 4220 impie
1081 4147 1163 4205 eccisi
1175 4147 1299 4211 irtisscnt,
1312 4146 1441 4217 numquid
1453 4145 1491 4208 iri,
1502 4145 1529 4199 itt
1540 4144 1637 4215 quibus
1647 4145 1713 4200 dces
1723 4159 1787 4200 suos

138 4249 286 4304 totuis-eut
299 4249 383 4317 gratis
395 4249 544 4303 incurrere.
560 4249 594 4303 [it
605 4262 671 4303 sane
689 4247 711 4304 si
724 4246 790 4303 laisa
808 4248 861 4303 siut
878 4247 936 4304 iraec
988 4245 1093 4300 locutos
1106 4258 1168 4299 esse
1181 4241 1394 4309 arltitrabatttur,
1410 4255 1457 4295 sua
1473 4249 1582 4312 propter
1594 4239 1698 4295 seelera
1711 4239 1786 4315 oeri-

139 4340 279 4403 miraeula,
293 4356 362 4408 qttu,
378 4356 486 4411 quase,
502 4340 574 4395 totali
588 4340 792 4411 desperatione,
808 4351 935 4412 certoque
987 4353 1033 4394 sos
1043 4337 1181 4394 dicerunt
1193 4333 1327 4391 Caeterum
1338 4347 1411 4388 mors
1419 4329 1531 4398 Citristi,
1542 4331 1628 4403 pergit
1640 4329 1785 4397 arnobius,

139 4434 234 4505 rapitis
250 4434 386 4503 periculo,
404 4433 529 4489 actrrtstt
550 4433 691 4506 discipulis
707 4434 840 4505 publicata
854 4444 935 4503 suut,
988 4430 1130 4500 adsumpti
1150 4428 1261 4483 ltomiuit
1282 4427 1348 4497 fnit,
1364 4443 1415 4481 uon
1430 4426 1531 4498 ipriaa5
1546 4425 1711 4497 gestaminis,
1735 4441 1787 4479 nott

137 4527 326 4583 accltrtsttuua
346 4526 439 4598 religio
456 4526 488 4581 iis
503 4527 621 4583 stabilita
638 4542 671 4583 ac
689 4526 858 4594 confirmata,
873 4529 935 4583 bre·
988 4524 1120 4597 gestantia.
1133 4521 1215 4577 Addit
1228 4536 1293 4577 vcro
1310 4535 1370 4576 curn
1390 4519 1520 4574 altissima
1534 4527 1644 4589 prepter
1658 4516 1789 4588 mysteria

137 4621 248 4677 tissime
263 4629 383 4690 tempera
398 4623 424 4676 iu
440 4631 495 4675 toto
509 4629 641 4675 terrarum
657 4620 724 4676 orbe
736 4630 860 4691 suscepta
873 4621 935 4676 esti
947 4587 975 4648 D
987 4624 1085 4687 sponte
1104 4619 1152 4669 sua
1174 4625 1329 4681 mortonm;
1345 4612 1562 4685 duissdfflluideffl
1584 4611 1638 4678 iffi,
1651 4628 1666 4666 a
1680 4627 1734 4682 t11¹⁰
1747 4620 1787 4668 101

170 4714 269 4770 Nullus
289 4729 354 4769 reto
375 4714 426 4768 nisi
446 4713 639 4768 absurdissime
654 4713 744 4768 dicere
756 4728 872 4784 uuquam
888 4728 936 4783 po·
987 4709 1055 4764 tacu
1077 4708 1184 4764 luerunt
1206 4705 1350 4771 miracula,
1376 4705 1466 4761 troilus
1487 4705 1531 4762 rel
1552 4704 1689 4760 minimam
1712 4702 1784 4769 vim,

138 4812 185 4862 tuit
207 4807 269 4861 baec
283 4804 378 4860 eadem
398 4804 526 4859 miracula
546 4819 561 4858 a
585 4804 763 4874 scriptoribus
778 4804 878 4859 uostris
890 4811 936 4858 aut
987 4801 1073 4857 molto
1085 4803 1174 4858 miuus
1186 4801 1318 4856 ttuleutas
1331 4797 1672 4868 mattusadlerreuuquam
1687 4796 1784 4867 potnit.

138 4904 236 4972 scripta
267 4897 447 4963 mendaciter,
473 4906 520 4952 out
546 4897 657 4952 uimiuor
691 4906 844 4966 exagerata.
875 4894 934 4951 Non
986 4894 1111 4951 Gltristus
1126 4897 1215 4964 itaque
1229 4892 1263 4947 ad
1278 4890 1414 4947 sanandos
1429 4890 1647 4959 erudiendosque
1662 4889 1786 4945 ltemiues

138 4994 207 5048 enim
227 4992 319 5046 omnia
335 4990 433 5047 litteris
447 4999 475 5046 et
494 4991 632 5044 momoriae
651 4979 857 5053 ntandarerattt,
873 5004 934 5060 que
988 4996 1061 5043 tauta
1075 4987 1194 5052 lenitate,
1211 4995 1309 5057 quauta
1331 4984 1454 5040 libertate
1467 4997 1562 5054 passos
1577 4992 1663 5038 estse
1683 4983 1717 5037 ab
1732 4982 1784 5037 im-

137 5087 261 5144 etlmicos
280 5086 307 5140 itt
323 5084 451 5155 majorem
467 5083 687 5147 admirationem,
702 5081 743 5139 tel
762 5081 934 5138 incredulita·
987 5080 1038 5151 piis
1051 5079 1147 5135 occidi.

139 5186 189 5233 tent
202 5177 339 5233 adducere
352 5184 484 5244 poterant.
496 5175 523 5230 Si
534 5190 595 5246 qute
609 5187 674 5230 rere
685 5175 784 5243 scripta
794 5184 932 5243 corrupta,
1021 5174 1191 5245 Quapropter
1203 5171 1337 5227 arnobius
1350 5168 1449 5226 aeriter
1462 5168 1573 5241 corripit
1585 5168 1723 5235 etituieos,
1738 5168 1785 5238 qui

140 5282 184 5324 ant
197 5268 349 5325 adulterata
361 5236 514 5334 eeettrraitt,
527 5266 580 5323 bttc
593 5265 725 5322 Arnobitts
739 5265 934 5321 ntaletoletttite
986 5267 1093 5323 tantetsi
1107 5264 1229 5338 tyrannis
1249 5265 1322 5318 omni
1344 5262 1491 5334 impietatis
1508 5276 1540 5318 ae
1560 5262 1672 5318 sceleris
1683 5274 1785 5331 genere

138 5364 265 5420 adsrrrlrit
283 5363 452 5426 domnum,
478 5362 523 5432 (llil
548 5360 589 5417 llis
609 5359 845 5430 deirittilfflllbssi
869 5373 933 5415 vele
985 5362 1176 5422 contaminatis
1189 5360 1296 5416 diuinos
1309 5357 1450 5417 deterrent
1464 5358 1597 5425 bonores,
1612 5365 1641 5412 et
1654 5356 1784 5411 libmruut

139 5471 272 5531 gestorum
289 5458 417 5514 rotettaut
432 5459 569 5513 tuttrutara
581 5459 733 5514 ueritatem.
748 5458 782 5512 tt
794 5471 859 5512 saue
873 5473 933 5529 quae
984 5461 1155 5517 satiricorum
1180 5466 1306 5512 auctores
1327 5455 1442 5510 summis
1462 5453 1585 5509 laudibus
1605 5448 1782 5519 extollerem,

139 5555 235 5610 uestris
248 5555 274 5610 iu
295 5553 370 5608 libris
384 5550 418 5609 de
435 5550 542 5608 Citriste
560 5551 660 5620 scripta
681 5550 772 5617 luere,
796 5562 848 5606 tarn
870 5567 933 5606 tera
985 5554 1172 5623 tenerentque
1195 5551 1309 5613 statuis;
1325 5550 1412 5605 solunt
1434 5546 1606 5602 nibilominus
1628 5543 1783 5610 Clusiolum,

138 5658 209 5708 sunt,
224 5662 304 5718 quatu
322 5646 388 5701 larisa
404 5660 464 5716 quse
477 5645 592 5716 gentiles
605 5643 639 5698 de
651 5642 703 5698 diis
717 5643 773 5700 suis
788 5643 931 5700 tradidere.
985 5660 1075 5702 rerum
1096 5647 1273 5699 tnurimartrnr
1293 5657 1325 5697 ac
1345 5641 1460 5695 ntatitne
1481 5636 1637 5693 salutarium
1661 5635 1785 5691 nuntium

171 5738 225 5793 Sed
241 5745 344 5801 uestra,
358 5737 492 5808 urgebant
505 5736 553 5803 illi,
565 5735 666 5808 scripta
679 5735 933 5809 antiquorumque
986 5736 1154 5808 iniquissimo
1176 5741 1256 5806 atque
1276 5730 1436 5803 implacabili
1457 5729 1520 5785 odio
1541 5727 1782 5801 persequebantur.

136 5834 235 5889 ittetreo
250 5836 355 5893 teriora
378 5844 451 5891 sunt.
473 5832 556 5906 Quasi
580 5846 657 5900 turo,
673 5830 711 5887 ait
733 5830 878 5901 Arttobius,
900 5847 932 5889 ca
984 5829 1054 5901 Quid
1069 5830 1140 5887 ruint
1156 5828 1274 5899 iniquius
1288 5836 1314 5881 et
1328 5822 1474 5890 crudelius,
1488 5837 1568 5898 quam
1583 5821 1710 5880 virtuto-u
1724 5834 1783 5879 ont·
