4150 6250
259 288 294 349 st
737 292 922 353 uubwuttt
942 290 1169 361 dissertatum
1185 292 1393 353 attuleruut
1871 298 1908 355 28

260 424 325 477 nuttt
349 407 451 479 bertari
472 412 592 480 atoatrit,
624 420 757 480 errasset,
780 427 836 473 oua
863 412 956 473 debuit
979 414 1007 471 id
1029 413 1056 469 ia
1068 414 1096 479 A
1109 409 1280 469 revelaverat
1300 410 1430 481 Spiritus.
1445 408 1614 484 crutqebaua
1629 413 1719 486 potina
1732 427 1767 475 ox
1781 424 1837 473 tam
1852 414 1908 473 ire·

260 500 382 563 iraeadem
414 505 513 567 cedere
544 506 657 571 aliarum
679 507 739 579 eius
765 508 976 579 prophetiarum.
1004 507 1058 565 Ne·
1111 502 1205 571 qttcnti
1228 512 1413 561 extremorum
1430 515 1581 576 temporum
1602 507 1780 565 mentioaeiu
1801 507 1911 567 icteris

261 611 315 668 que
327 610 394 657 vcro
408 597 445 657 ita
460 599 563 656 incerto
577 610 635 665 est,
651 609 682 658 ut
695 602 780 661 uoluit
800 600 929 672 prolanus
939 599 1059 657 ‘lbeolo-
1111 594 1278 654 testamenta
1293 598 1460 668 prophetiis,
1479 598 1586 670 quoties
1599 600 1633 657 de
1647 601 1729 657 rebus
1749 603 1911 673 euangelicis

260 689 441 761 gicuqulitici
472 700 583 760 auctor,
608 692 706 753 iturum
736 694 876 766 utriusque
908 693 1056 751 distinctio.
1111 690 1233 747 accurrit
1254 691 1452 764 meuti0,quae
1467 701 1556 749 tamen
1572 692 1606 748 de
1623 693 1739 764 judaicae
1753 695 1913 751 wonomiro

261 782 321 853 Quo
348 781 409 843 ioco
437 785 589 843 cautionem
614 788 834 858 interposuerunt
852 789 922 843 sami
945 788 1059 859 scriptu.
1111 784 1212 839 ultimis
1234 785 1400 855 temporibus
1424 786 1490 841 satis
1513 788 1655 844 commode
1679 798 1804 858 poterant
1829 789 1912 845 intei-

261 892 321 944 τοι,
346 892 378 933 ea
399 879 457 947 ipsa
481 877 571 945 cautio
594 880 701 951 signnm
724 892 797 949 erat,
820 882 978 951 excipiendo
997 898 1059 939 esse
1113 874 1169 946 ligi.
1197 875 1316 931 Omnino
1335 892 1441 947 mqutnn
1459 888 1569 937 nonest
1587 889 1617 935 ut
1638 879 1700 936 iilos
1715 881 1852 936 irotuiaum
1868 897 1912 937 er·

261 968 320 1033 soit
344 968 500 1041 dequibus
530 968 619 1029 luerat
650 983 775 1041 cautum,
813 974 916 1045 reliqna
944 974 979 1030 de
1008 974 1060 1031 olio
1112 981 1190 1023 rores
1215 968 1327 1039 Spiritui
1355 970 1519 1039 imputemus
1543 985 1612 1041 quos
1638 987 1689 1028 nec
1711 973 1769 1042 ipse
1794 973 1913 1041 Spiritus

262 1077 323 1120 esse
345 1064 443 1135 spirito
458 1064 644 1138 intelligenda.
659 1067 695 1123 lta
711 1069 771 1139 quia
788 1068 814 1122 iu
831 1068 939 1137 scriptis
960 1068 1061 1138 episto-
1113 1072 1270 1130 susceperat
1284 1063 1475 1132 corrrigendos;
1491 1079 1541 1118 aec
1554 1064 1579 1119 id
1593 1065 1679 1134 ipsum
1695 1065 1852 1121 asscrebant
1865 1064 1913 1135 qui

261 1158 310 1224 lis,
332 1159 355 1219 si
388 1174 440 1232 qua
469 1174 519 1217 suu
544 1160 641 1231 spiritu
665 1162 822 1233 protulisset
847 1161 1012 1232 apostolus,
1033 1161 1061 1217 id
1113 1154 1148 1215 ab
1170 1156 1216 1211 illu
1237 1155 1427 1226 spiritualitati
1443 1166 1612 1224 erant,esse
1624 1157 1679 1213 ida
1703 1158 1797 1228 spiritu
1819 1172 1914 1214 susce·

262 1255 351 1324 ipsuut
386 1253 502 1311 duxerat
529 1269 591 1311 ease
622 1255 804 1318 monendum,
831 1256 911 1325 piune
939 1254 1062 1325 sequitur
1114 1256 1198 1316 ptum.
1226 1247 1395 1318 suppetebat
1421 1249 1529 1304 interim
1555 1250 1622 1307 satis
1644 1257 1719 1305 certa
1742 1249 1805 1312 illa,
1830 1263 1913 1321 quara

263 1345 431 1417 reliquarum
463 1354 601 1403 auctorem
621 1346 741 1402 diuinum
775 1347 904 1415 Spiritum
930 1360 991 1402 esse
1011 1346 1061 1403 ba·
1113 1337 1246 1403 diximus,
1272 1338 1412 1408 judicandi
1428 1341 1507 1401 ratio.
1532 1340 1560 1397 Si
1575 1343 1646 1397 caim
1669 1343 1711 1398 rel
1727 1342 1832 1397 illorum
1848 1357 1911 1413 quae

263 1436 392 1497 bendum.
421 1438 598 1510 contraque
618 1438 753 1510 ignatius,
772 1454 833 1509 quta
848 1438 938 1495 divino
960 1437 1061 1507 Spiritu
1114 1432 1255 1500 perspicua
1273 1440 1366 1497 erant,
1392 1448 1444 1488 acc
1472 1431 1557 1489 alima
1581 1433 1717 1491 babebaut
1741 1435 1913 1493 obscuritatis

262 1536 373 1591 auctore
408 1528 510 1595 edidit,
539 1545 633 1587 eurum
668 1529 778 1589 disertis
808 1529 897 1587 uerbis
932 1528 1062 1600 Spiritum
1114 1524 1261 1595 eilussiuan,
1277 1540 1392 1597 quaeque
1412 1527 1526 1596 spiritus
1552 1528 1661 1587 nuntiae
1684 1537 1776 1585 essent
1799 1543 1813 1582 a
1833 1548 1915 1587 meu·

262 1628 400 1687 auctorem
416 1621 594 1692 praelerebat,
610 1621 636 1679 id
652 1638 758 1693 qaoque
768 1624 903 1693 sequitur,
919 1623 951 1681 iis
962 1637 1063 1691 excep-
1115 1628 1232 1690 ματικοῑς
1248 1620 1405 1685 rerrditata,
1425 1631 1558 1690 perpetue
1573 1621 1716 1678 coruscabat
1732 1620 1816 1688 tides,
1833 1635 1912 1677 acca

262 1713 313 1777 tis,
331 1712 434 1785 reliqua
456 1714 561 1784 priuato
583 1728 644 1771 esse
662 1715 757 1785 lgraatii
777 1714 883 1785 spiritui
908 1713 1060 1773 tribuenda.
1115 1725 1145 1766 se
1165 1712 1241 1767 ullibi
1258 1713 1441 1781 dissentiens,
1455 1713 1482 1771 id
1496 1715 1584 1784 ipsum
1597 1725 1757 1787 argumento
1769 1724 1830 1773 crat
1846 1714 1912 1770 satis

300 1803 315 1882 i
335 1805 381 1867 55.
393 1804 491 1862 —Sed
506 1814 534 1863 et
546 1806 573 1863 id
586 1808 743 1865 existimant
754 1807 976 1875 aouunili‚ueras
987 1806 1064 1865 alssa-
1077 1816 1102 1877 Β
1115 1802 1260 1861 marrilesto
1282 1814 1310 1861 et
1335 1806 1430 1875 spirita
1451 1804 1557 1867 amatos
1577 1820 1639 1863 esse
1658 1807 1703 1877 qai
1718 1820 1750 1862 ea
1777 1805 1915 1876 praetre-

262 1907 360 1969 tuaque
382 1898 427 1957 liei
443 1899 544 1969 Spiritu
563 1901 728 1971 propbetas,
751 1902 777 1957 in
802 1901 981 1958 revelatorum
1003 1916 1061 1956 ma·
1114 1905 1191 1963 rant,
1208 1906 1235 1952 et
1248 1895 1357 1967 quidem
1369 1898 1544 1955 veracissimo
1556 1896 1603 1953 ilio
1624 1906 1704 1968 atque
1723 1896 1792 1953 adeo
1804 1896 1913 1961 diuino,

265 1990 439 2055 uiiesiatiuue
453 2007 504 2049 sun
517 2007 578 2049 esse
592 1993 698 2064 spiritui
714 1996 878 2065 permissos,
900 2006 929 2051 ut
948 2010 996 2065 pru
1012 2011 1062 2051 sun
1115 2000 1144 2046 nt
1163 1992 1277 2061 proinde
1316 2002 1426 2059 essent,
1455 1992 1482 2048 ia
1513 1992 1573 2047 aliis
1604 2007 1712 2063 quoque
1745 1990 1913 2057 manifestis,

264 2094 345 2159 captu
366 2101 398 2142 ea
413 2086 700 2155 aliiscnauatiarent,
725 2089 770 2159 qui
792 2089 862 2144 alius
884 2098 943 2149 erut
965 2089 992 2149 in
1008 2089 1062 2143 aliu
1114 2085 1280 2153 spiritusque
1302 2084 1411 2141 nomiae
1435 2083 1578 2140 manifesto
1599 2083 1763 2151 venditatis,
1789 2083 1915 2138 similiter

265 2177 398 2235 excultior
415 2186 497 2250 atque
511 2181 678 2239 exornatior.
699 2179 727 2237 Si
748 2181 838 2251 itaque
861 2181 886 2236 iu
914 2180 995 2237 cebris
1015 2180 1063 2235 ab·
1113 2178 1255 2235 credendi.
1283 2179 1312 2235 Si
1336 2189 1431 2234 centra
1461 2180 1665 2248 perspicuorum
1693 2178 1774 2237 sudem
1802 2186 1915 2233 eventus

265 2270 318 2337 iter
332 2269 476 2338 notandis,
488 2287 538 2328 nec
553 2272 587 2331 ad
600 2272 766 2344 praecipuam
779 2271 930 2345 propinate
940 2287 1062 2344 scopant,
1114 2273 1305 2340 iciellissot,id
1320 2275 1386 2337 satis
1396 2282 1456 2330 erat
1468 2273 1640 2331 adsiruilium
1652 2274 1820 2344 reliquorum
1830 2271 1912 2328 ludent

265 2364 408 2439 quicquam
439 2364 617 2433 iacientibus,
642 2365 700 2423 sire
728 2380 783 2427 auae
809 2366 948 2425 meritoriae
967 2366 1063 2437 lapsu,
1116 2368 1312 2440 abrogandam.

266 2456 323 2517 sire
341 2456 404 2513 dum
425 2472 456 2515 se
477 2457 631 2515 auditorum
644 2460 766 2515 erroneis
789 2459 897 2530 quidem
922 2460 991 2526 illis,
1015 2459 1065 2515 sed
1152 2459 1226 2531 538.
1237 2461 1364 2517 -iiecte
1382 2460 1490 2531 quidem
1507 2460 1656 2530 bucusque,
1671 2462 1696 2516 ni
1713 2460 1915 2525 lallor,·obscu·

266 2549 386 2620 receptis
402 2557 492 2606 tamen
516 2551 682 2622 prejudiciis
705 2551 1007 2622 accommodaremus
1022 2560 1064 2608 ta·
1116 2567 1207 2608 rarum
1223 2552 1424 2622 prophetiarum
1447 2551 1528 2611 fidem
1543 2567 1575 2608 ex
1597 2553 1747 2611 manilestis
1765 2552 1914 2611 cuaiirma·

268 2657 330 2701 ntea
349 2652 428 2703 eraut
447 2646 742 2714 argumentationibus,
757 2660 838 2717 quam
858 2646 915 2715 ipsa
930 2645 1065 2712 revelata,
1116 2646 1221 2712 rimus,
1234 2660 1295 2713 eum
1306 2644 1428 2714 ejusdem
1441 2643 1580 2714 propbeta
1594 2644 1709 2701 luissent
1721 2643 1845 2700 obscure
1859 2644 1914 2703 illae

267 2738 353 2813 magis
375 2737 490 2805 idonea,
513 2739 576 2810 quia
591 2738 650 2797 uae
674 2739 922 2810 praeaudieram,
950 2739 1001 2794 illis
1028 2739 1067 2795 uti
1118 2739 1195 2808 cujus
1210 2739 1371 2794 nraniiestae.
1395 2737 1505 2804 Quaeret
1529 2746 1619 2805 autern
1641 2736 1777 2805 tortasse,
1796 2752 1846 2794 nec
1865 2737 1916 2793 im-

267 2838 392 2900 peterent
412 2839 440 2889 ut
467 2833 603 2889 concessis
632 2851 639 2888 ε
664 2832 687 2889 si
711 2832 737 2887 in
761 2831 803 2889 bis
820 2831 928 2901 iuquam
953 2830 1067 2895 italluci·
1118 2831 1231 2897 metita,
1247 2833 1345 2898 lector,
1358 2846 1419 2887 cunr
1434 2830 1468 2886 ad
1482 2831 1606 2890 diuersos
1620 2832 1673 2889 illae
1691 2831 1840 2903 propbetite
1854 2846 1916 2902 per·

267 2925 322 2983 nati
335 2935 443 2992 essent,
467 2941 502 2983 ae
527 2927 549 2983 is
565 2924 675 2995 quidem
687 2940 765 2985 error
780 2936 852 2983 esset
871 2925 978 2996 spiritui
1002 2940 1066 2997 pro·
1119 2923 1251 2991 tinereut,
1272 2924 1425 2977 ntaltcrius
1440 2921 1591 2978 manifestae
1620 2932 1729 2988 essent,
1744 2923 1856 2979 alterius
1869 2923 1919 2979 ob·

269 3014 377 3086 paetico
411 3016 594 3087 imputandus.
624 3016 702 3084 Quod
731 3018 820 3088 itaque
851 3032 900 3088 pre
936 3017 1068 3074 Zarlreria
1119 3015 1427 3081 scureomnes,auilre
1451 3016 1782 3086 maniicstaetliuupacto
1801 3023 1914 3083 essent,

268 3107 413 3170 loremiatn
427 3110 518 3168 laudat
531 3109 721 3181 evangelium
742 3111 813 3182 qaod
825 3109 879 3170 teu
894 3127 979 3173 annos
993 3109 1069 3167 iudi·
1120 3109 1147 3165 in
1168 3124 1201 3166 eo
1221 3123 1303 3177 easrt,
1331 3107 1454 3166 obscurae
1481 3124 1496 3164 a
1514 3109 1664 3168 maniiestis
1686 3108 1918 3182 comprobanda?

269 3204 355 3272 cibus,
380 3204 417 3261 tu
438 3202 516 3262 Sauli
538 3206 637 3266 tribuat
658 3206 817 3277 apostotus,
841 3206 912 3277 quod
932 3205 1102 3274 incertumc
1119 3202 1228 3272 Poterat
1241 3201 1349 3273 quidem
1364 3218 1398 3256 ex
1417 3201 1520 3264 inurrbii
1542 3202 1680 3273 propbeta
1695 3203 1850 3262 testimonio
1866 3200 1919 3258 du-

270 3295 417 3360 suetorum
440 3311 581 3356 nanterum
602 3307 735 3354 memorat
755 3297 783 3356 S.
808 3296 911 3361 leucas,
935 3298 1067 3360 incertum
1119 3296 1180 3366 bias
1193 3296 1389 3356 comanendum.
1404 3295 1471 3352 Erat
1484 3305 1575 3352 tamen
1589 3307 1615 3356 et
1627 3295 1680 3351 alia
1702 3295 1835 3365 probandi
1851 3295 1919 3352 ratio

270 3388 470 3461 baptizatorum
496 3391 525 3447 S.
552 3391 665 3459 Paulrts;
698 3392 778 3464 plano
814 3393 929 3450 innuant
959 3390 1068 3449 relictas
1119 3391 1283 3450 acaatmuai
1296 3392 1408 3461 spiritus
1423 3392 1527 3450 unitate
1541 3392 1636 3461 petita.
1658 3391 1697 3454 ita
1710 3392 1784 3447 caina
1798 3407 1832 3450 eu
1847 3390 1920 3446 illius

270 3497 331 3542 este
351 3485 511 3556 scriptorum
539 3486 663 3542 ntrnranis
691 3486 815 3557 captibus
836 3484 992 3554 huiusmodi
1017 3484 1068 3540 nri·
1119 3486 1170 3548 aeui
1202 3485 1341 3557 principiis
1375 3485 1450 3542 licuit
1475 3485 1676 3556 argumentari,
1706 3486 1752 3557 qui
1779 3485 1814 3540 ad
1837 3499 1920 3540 arram

271 3577 374 3641 nutias,
397 3592 447 3635 nec
467 3593 528 3636 esse
548 3585 689 3651 propterca
709 3577 781 3650 quaed
803 3578 830 3634 iu
846 3576 976 3649 Spiritum
1001 3576 1070 3634 diti·
1120 3580 1296 3651 eamdemque
1308 3581 1824 3652 commuttionempertinerent,corum
1838 3597 1921 3637 anum

271 3685 334 3734 num
353 3670 515 3732 reserantur.
1121 3688 1182 3732 csse
1199 3674 1341 3743 spiritum,
1357 3690 1391 3730 et
1411 3674 1507 3730 iisdem
1528 3675 1722 3742 sacramentis,
1749 3673 1844 3730 iisdem
1867 3674 1922 3729 sci-

309 3763 323 3837 i
339 3763 477 3824 eti-tat
491 3763 602 3832 eaelum
616 3764 808 3836 exemplunm
824 3779 878 3834 oua
893 3778 945 3820 non
961 3762 1069 3818 titornm
1121 3769 1185 3834 itaet
1208 3771 1302 3842 qratia
1314 3769 1469 3837 conatibus,
1486 3769 1662 3841 ejusdemque
1686 3769 1800 3828 instituti
1821 3768 1921 3826 virtute

272 3858 354 3916 mede
380 3859 425 3930 qui
458 3858 614 3931 lii⁰i¹i⁰²ii⁸
634 3858 788 3926 iustissime
816 3857 865 3914 ⁸²⁴¹
892 3867 920 3913 ⁰2
950 3856 1070 3926 iilssffl'lllss
1122 3862 1286 3920 derivatum.
1303 3862 1560 3921 lteeeauumtaxat
1586 3863 1705 3935 generali
1728 3873 1833 3920 retrone
1851 3876 1921 3918 cun·

272 3968 380 4026 quoque
404 3954 597 4025 lli0li¹¹i³¹²ium
627 3952 748 4023 illidere
772 3951 875 4022 i⁰⁸⁵i¹¹i
903 3963 1025 4014 limiti,
1044 3949 1071 4003 ill
1123 3958 1269 4022 eludebant
1282 3973 1366 4014 utrum
1379 3973 1441 4016 esse
1460 3959 1541 4016 utrius
1556 3957 1754 4016 communiunis
1776 3955 1921 4026 spiritum,

273 4047 476 4120 prophetiarum
501 4046 604 4104 805150οῑ
628 4046 804 4103 ⁰b⁸⁰¹¹i³il¹ffl
838 4041 1068 4113 idieliiiiifill'iss·
1123 4052 1196 4126 quod
1215 4053 1272 4124 pari
1289 4053 1395 4110 radeire
1413 4051 1510 4112 luisset
1532 4052 1628 4112 iisdem
1644 4050 1822 4107 sacrementis
1840 4048 1924 4106 ceila·

274 4141 358 4198 Elim
373 4141 445 4198 enim
468 4139 605 4196 ¹¹⁰¹¹¹¹¹¹¹l³2
620 4137 769 4209 limidi&iffi
788 4134 992 4207 ⁰0i10l¹¹⁰l¹i¹¹¹
1012 4133 1072 4205 spi·
1125 4160 1186 4214 tus,
1200 4162 1261 4218 qum
1273 4162 1335 4204 cunt
1350 4146 1474 4219 symbola
1488 4156 1581 4203 essent
1591 4156 1729 4203 certorum
1742 4142 1924 4216 quorumdam

273 4236 342 4300 rarus
364 4233 493 4303 construo,
525 4233 561 4292 tta
583 4232 726 4297 obseura,
752 4239 847 4292 ittam
875 4238 988 4300 possen
1014 4226 1074 4283 sue
1125 4239 1600 4312 amatamquepactorumearpso
1620 4235 1924 4305 interrumperem

274 4327 327 4385 2¹3³
346 4327 511 4384 issiiliiillssi
536 4325 665 4397 ”diffidit
690 4334 718 4384 ¹¹¹
741 4323 835 4394 primae
861 4337 915 4382 ¹¹⁰ss
940 4321 1023 4379 ilium
1047 4320 1073 4374 5¹¹
1126 4333 1310 4402 corricreodo,
1325 4347 1378 4389 non
1393 4338 1518 4404 poterant
1534 4344 1600 4387 eane
1620 4328 1689 4386 alios
1702 4327 1823 4399 obligare
1842 4340 1925 4399 quam

276 4419 357 4478 arten
379 4419 449 4476 datm
473 4415 644 4486 riderentur,
668 4431 748 4488 utram
775 4424 804 4476 ut
836 4422 990 4482 sanctornm
1015 4426 1075 4484 pro·
1126 4441 1242 4498 quorum
1257 4425 1302 4481 iila
1323 4435 1415 4482 essent
1436 4423 1575 4496 symbola,
1593 4430 1623 4478 ut
1645 4437 1699 4481 non
1726 4420 1812 4492 possit
1837 4419 1925 4476 malus

277 4510 419 4582 pbetarum
441 4510 626 4568 curiositatem
651 4508 871 4580 diligentiamque
884 4523 934 4580 pro
948 4506 1075 4564 secundis
1127 4521 1240 4591 sperque
1262 4520 1290 4576 a„
1312 4520 1437 4576 nominee
1458 4519 1581 4587 irrepere
1603 4515 1657 4572 pisi
1671 4519 1717 4587 qm
1731 4514 1850 4571 vicissim
1863 4527 1927 4572 cum

277 4605 453 4676 impetrandis
465 4606 624 4664 excitarent.
645 4603 673 4659 ld
689 4604 811 4664 uidemus
832 4604 858 4660 in
876 4602 987 4660 llanielc
1006 4614 1160 4675 praa-1100
1173 4613 1242 4684 pecu
1257 4619 1364 4678 essene
1386 4626 1437 4668 nee
1454 4624 1522 4666 vero
1533 4624 1596 4665 oum
1612 4609 1661 4666 iiio
1684 4607 1784 4676 pacisci
1800 4605 1927 4662 nominee

277 4701 372 4770 cipue,
397 4700 423 4756 in
443 4715 498 4771 qua
516 4699 644 4770 irenaeus
668 4708 710 4755 est
731 4683 918 4760 secundarum
941 4698 1076 4758 visionum
1128 4720 1177 4776 per
1199 4704 1351 4777 symbolae
1376 4703 1449 4766 barro
1474 4703 1570 4772 spiritu
1599 4700 1762 4765 constituta;
1778 4698 1828 4755 sed
1852 4698 1927 4771 quod

278 4809 327 4866 pro
352 4794 500 4864 primarum
528 4795 754 4865 interpretatione
781 4793 892 4851 tuentio.
923 4791 951 4848 Si
986 4794 1077 4864 itaque
1127 4797 1210 4854 etiam
1224 4798 1335 4867 spiritus
1348 4794 1436 4864 ipsum
1448 4801 1522 4850 esset
1533 4793 1644 4849 unitatis
1658 4791 1684 4848 iu
1697 4791 1793 4848 eadem
1804 4805 1928 4852 cumaru-

278 4897 342 4948 anm
359 4889 493 4946 secandas
507 4889 627 4946 visiones
642 4888 701 4960 ipse
716 4888 817 4960 primas
829 4902 911 4944 ansas
926 4888 1021 4962 luisset
1036 4889 1079 4944 in·
1129 4890 1210 4946 aione
1225 4888 1371 4950 uiourlum.
1392 4884 1428 4943 Ut
1448 4885 1576 4955 igiturex
1590 4884 1635 4940 illa
1656 4884 1784 4941 exteriori
1803 4897 1928 4940 conamu-

280 4982 440 5054 terpretari,
471 4980 590 5038 bumana
619 4981 740 5048 omnino,
763 4995 816 5036 non
843 4980 945 5046 divino,
971 4980 1079 5050 spiritui
1131 4984 1284 5039 aioneerat
1298 4981 1448 5040 deinterna
1462 4978 1924 5047 etiamcommuuiuaepracsanten-

280 5076 426 5136 tribuenda
447 5075 545 5132 luisset
565 5074 719 5131 istiusmodi
742 5074 948 5145 interpretatio,
971 5084 999 5134 ut
1014 5089 1079 5145 pre·
1130 5079 1211 5146 dum,
1227 5080 1264 5135 ita
1286 5080 1368 5134 ctiam
1382 5078 1545 5149 sequebatur
1564 5078 1609 5148 qui
1632 5074 1791 5133 earumdem
1813 5076 1929 5130 tuissent

281 5167 1077 5239 iuueejueerror,aianimasset,iniquissimeesseain
1131 5180 1364 5232 sacramentorum
1403 5171 1569 5242 participes,
1602 5166 1686 5224 luisse
1722 5167 1802 5224 ctiam
1827 5167 1929 5237 pariter

282 5260 413 5333 Spiritum
424 5270 548 5320 eartctum
570 5260 738 5318 relerendns.
1132 5267 1212 5326 unius
1226 5265 1402 5336 ejusdemque
1413 5263 1524 5334 spiritns
1536 5261 1692 5332 participes.
1704 5259 1770 5316 iiata
1782 5273 1848 5330 ergo
1858 5273 1929 5329 prm·

321 5355 516 5427 iii-idem
529 5355 686 5414 statuebant
696 5364 800 5414 ueteres
813 5354 997 5414 eitristianide
1010 5356 1080 5414 scti-
1133 5359 1290 5418 teruaturali
1320 5355 1409 5429 aliqua
1436 5355 1571 5422 motione,
1597 5368 1657 5424 quar
1678 5367 1730 5408 aee
1761 5365 1930 5423 ucorparea

283 5446 337 5520 ptis
359 5463 466 5519 quoqne
488 5447 659 5528 prophetiis,
686 5447 773 5506 sicubi
796 5448 910 5506 luissent
937 5451 1079 5519 obscurae,
1132 5453 1224 5524 aliquo
1236 5450 1352 5517 allecta,
1373 5463 1454 5506 neca
1472 5446 1587 5504 naturali
1601 5443 1787 5502 entitusiasmo
1797 5440 1932 5515 proticisci

283 5543 335 5602 uisi
349 5541 445 5598 eodem
457 5559 511 5614 qno
524 5542 631 5599 dictatae
652 5542 766 5598 inissent
786 5544 883 5613 spiritu
897 5543 931 5600 tle
952 5559 1023 5605 aare
1038 5560 1083 5602 ro·
1133 5553 1255 5616 poterat,
1273 5543 1407 5598 sedasset
1421 5539 1540 5611 plaaeiu
1555 5537 1679 5608 spiritum
1700 5536 1817 5610 aliquem
1833 5531 1930 5588 conla-

286 5634 397 5694 uelaute
412 5636 566 5707 neutiquam
580 5650 642 5694 etse
661 5645 737 5694 certo
751 5637 951 5709 intelligendae.
966 5637 1025 5694 lion
1041 5648 1084 5696 eet
1134 5637 1233 5704 rerrda;
1259 5636 1286 5693 id
1310 5635 1433 5707 inprimis
1452 5632 1659 5704 supponendum
1680 5643 1751 5699 erat,
1768 5644 1822 5686 aaa
1847 5627 1930 5686 alium

286 5731 377 5803 itaque
391 5728 463 5801 quod
484 5730 614 5792 miremur
632 5738 756 5789 ueterum
776 5730 811 5789 de
825 5731 977 5803 propinquo
991 5730 1085 5792 muudi
1135 5743 1195 5786 esec
1215 5729 1290 5786 illum
1312 5729 1436 5799 spiritum
1457 5741 1538 5797 quarn
1559 5725 1605 5798 qui
1620 5726 1648 5782 in
1676 5724 1785 5794 reliquis
1809 5721 1932 5791 eiusdem

288 5825 342 5884 liae
355 5823 595 5886 hallucinationes.
610 5825 664 5886 lieo
688 5825 760 5886 caim
774 5825 848 5888 ilium
871 5824 980 5887 disertis
995 5826 1087 5885 uerbis
1136 5822 1333 5886 camnruaiauis
1356 5819 1484 5882 uretubris
1496 5829 1665 5890 operaretur.
1680 5816 1718 5878 itt
1733 5824 1807 5876 recte
1823 5813 1883 5886 uuis
1898 5828 1933 5872 ea
