4150 6250
149 239 223 299 ussa
830 244 936 306 aaran
954 247 1134 311 mortuus.
1738 271 1806 330 ,ιιι
1848 266 1850 271 ’

150 356 308 417 rarioribus
322 362 423 430 potest,
447 362 478 415 ut
495 358 568 432 quod
589 359 720 434 qualitate
740 362 879 425 diuersum
901 371 1083 437 canticare
1098 377 1275 449 recorporis‚
1299 385 1379 451 atque
1397 381 1471 439 omni
1494 395 1577 444 sensu
1597 393 1626 446 et
1645 390 1811 466 cogitatione

148 465 240 510 unum
255 454 532 527 sentiataccipiatque
544 458 722 515 contactuml
735 459 778 516 An
801 476 855 516 non
870 463 960 533 quoti·
1011 465 1131 533 priuatos
1142 477 1193 525 est.

145 541 193 601 dic
207 547 348 604 cernimus
361 556 389 604 ct
402 548 628 606 interanimantia
643 551 725 607 terris
737 562 807 621 orta,
824 554 959 612 essentiis
1046 559 1145 617 XXlX.
1165 562 1268 621 llerum
1290 565 1378 625 tlruris
1391 573 1434 626 est
1447 571 1567 640 socium,
1582 576 1655 646 quod
1669 579 1811 652 explanari

145 637 250 697 eadem
265 640 307 699 rel
319 656 410 697 amara
424 641 466 698 rel
481 640 570 698 dulcia
584 643 739 701 :mortifera
755 647 798 701 luis
812 661 884 713 esse,
898 663 959 719 quae
1010 654 1192 712 consimiliter
1212 659 1366 729 poscimus,
1380 676 1430 719 cur
1447 664 1473 720 ei
1487 666 1699 738 superfundatur
1717 674 1813 731 iucen-

146 728 207 787 illis
220 740 285 788 nata
299 733 325 788 in
341 734 557 804 perniciemque
581 743 663 791 sunt:
682 743 713 792 ut
734 752 795 809 quac
807 738 877 795 alios
889 740 959 796 mul·
1010 743 1091 800 sioni.
1113 744 1143 802 Si
1165 749 1239 805 euim
1257 752 1340 818 ratio,
1364 768 1414 810 eur
1427 755 1491 826 bat,
1507 775 1561 815 non
1576 763 1747 829 ostendetur,
1759 782 1812 825 nec

146 834 235 882 ceant
246 826 377 884 odoribus
389 827 469 897 letis,
492 827 597 885 eadem
607 827 753 900 pestiferos
775 831 877 889 balitus
895 833 959 890 alie·
1009 835 1122 895 babebit
1137 842 1289 914 expositam
1303 846 1345 901 soi
1359 861 1479 918 oausam,
1495 866 1549 907 non
1561 851 1616 924 jam
1631 853 1703 912 istud
1725 863 1813 917 errori

145 931 212 973 rurn
227 919 390 992 corporibus
417 923 544 992 spireutl
558 920 612 979 Sed
624 921 677 979 boc
689 934 720 979 ut
734 924 781 979 liat
802 934 828 981 et
841 927 957 996 accidat,
1009 929 1192 1000 objiciendum
1207 944 1252 991 est
1271 936 1386 1007 ludicro,
1407 941 1469 1010 sed,
1484 954 1515 999 ut
1527 944 1634 1003 dicatur
1646 953 1812 1022 expressius,

147 1024 206 1067 nou
227 1012 257 1069 in
274 1013 357 1070 rebus
376 1023 420 1072 est
436 1030 536 1085 causa,
562 1031 623 1089 qum
636 1014 718 1073 simul
736 1032 798 1076 esso
811 1019 957 1077 mortiferae
1009 1022 1141 1095 insama,
1168 1026 1328 1102 dementiae,
1345 1037 1470 1093 caecitati.
1489 1038 1525 1097 Ut
1548 1042 1620 1097 enim
1637 1042 1693 1114 jam
1712 1048 1814 1117 sapius

143 1101 233 1159 simul
254 1104 401 1173 salutares,
424 1107 507 1165 simul
526 1107 620 1165 dulces
645 1120 799 1182 nequeunt,
822 1113 957 1185 simulque
1009 1112 1179 1186 dictumest,
1202 1119 1285 1178 debet
1309 1138 1408 1194 omne,
1424 1129 1495 1199 qnod
1516 1133 1621 1201 geritur
1638 1149 1748 1193 causam
1769 1140 1814 1195 sui

141 1212 249 1257 amarae
262 1199 433 1265 consisterc3
458 1198 518 1269 sed,
550 1209 580 1256 ut
602 1201 718 1274 quisque
743 1210 786 1259 est
812 1202 901 1261 iactus
922 1205 957 1260 ad
1008 1205 1110 1265 babere
1121 1212 1304 1283 perspicuam,
1318 1232 1368 1274 nec
1382 1219 1506 1292 caliginis
1518 1223 1635 1295 alicuius
1647 1227 1813 1289 obscuritate

141 1293 321 1351 extrinsecos
353 1293 394 1348 rei
419 1292 554 1349 uenientis
580 1302 730 1363 attactum,
759 1295 796 1352 ita
820 1294 955 1352 allicitur:
1012 1307 1177 1359 corrtectam.
1194 1305 1223 1362 Si
1238 1323 1304 1380 erqo
1319 1308 1503 1383 uetustam,
1520 1318 1634 1387 aperire,
1648 1332 1810 1393 monstrate,

140 1384 310 1457 qualitatem
323 1396 380 1442 non
398 1385 499 1457 accipit
519 1401 554 1442 cx
567 1401 659 1443 rerum
683 1387 892 1460 impulsionibus
912 1405 956 1446 ua·
1007 1390 1097 1461 liquor
1113 1394 1163 1451 iste
1181 1412 1231 1455 cur
1244 1399 1335 1471 detur,
1362 1404 1388 1459 id
1404 1416 1463 1475 est,
1478 1408 1570 1464 vinum
1596 1412 1812 1482 superfundatur

141 1487 214 1549 ιιιιι,
239 1480 389 1539 scdexsui
403 1495 500 1538 sensas
514 1482 829 1555 conmqitqaeuuauara.
856 1483 956 1542 ierom
1008 1482 1150 1543 ultoribus.
1174 1488 1310 1563 Numquid
1332 1494 1406 1550 eninr
1431 1498 1570 1555 numinum
1596 1516 1711 1575 corpora
1735 1505 1811 1562 sitim

140 1573 240 1630 omnis
263 1575 322 1631 baec
341 1575 411 1631 ratio
425 1574 563 1648 longeest
581 1577 616 1634 ab
630 1577 681 1633 diis
702 1577 764 1644 sita,
791 1592 842 1635 uec
865 1570 956 1650 ‘eripui
1006 1577 1128 1634 sentiunt
1145 1580 1259 1649 aridam,
1272 1594 1405 1642 eteorum
1420 1603 1533 1647 necesse
1545 1601 1587 1649 est
1602 1594 1741 1652 siccitates
1754 1596 1809 1654 bu·

140 1663 246 1723 limitis
267 1666 457 1738 interiectione
475 1667 607 1726 discreta.
622 1669 689 1725 Nam
705 1670 728 1726 si
742 1684 838 1727 rerum
857 1679 911 1740 est,
927 1681 957 1726 ut
1006 1683 1084 1727 more
1095 1671 1187 1745 aliquo
1198 1679 1509 1753 temperariiNumquid
1517 1684 1598 1741 nobis
1607 1695 1637 1743 ιιι
1646 1688 1808 1746 mortalibus

141 1757 179 1814 ab
205 1758 378 1831 sapientibus
411 1762 553 1831 creditur,
592 1764 777 1835 incorporales
805 1764 857 1821 bos
883 1778 955 1834 esse,
971 1760 1069 1821 Bmos
1088 1774 1140 1832 est.
1167 1770 1255 1825 coeois
1276 1771 1466 1831 intermiscere
1482 1777 1631 1846 potiones:
1658 1783 1715 1852 pari
1729 1784 1813 1839 etiam

142 1851 261 1924 nequei
277 1853 425 1911 validitatis
437 1854 551 1927 alicujus
566 1855 712 1913 eminentia
728 1855 875 1925 subleuari,
896 1859 954 1914 ina·
1009 1871 1085 1914 more
1098 1866 1161 1930 post
1180 1862 1282 1919 solidos
1301 1864 1388 1923 rictrrs
1403 1867 1539 1935 liborum.
1555 1879 1584 1928 et
1605 1873 1732 1944 pultium,
1749 1877 1814 1936 lues·

141 1944 188 2001 nis
202 1946 277 2017 opud
303 1945 355 2002 bus
376 1947 444 2004 odor
462 1957 514 2014 est,
528 1964 580 2006 nec
602 1950 768 2007 sensibiliter
780 1966 954 2009 commorere
1008 1949 1161 2023 limumque
1173 1968 1318 2024 caesarum,
1333 1973 1388 2029 quo
1405 1961 1530 2029 porrcttau
1553 1963 1660 2021 facilius
1674 1975 1703 2023 et
1718 1983 1815 2039 perco-

141 2053 214 2096 aara
228 2054 278 2097 eos
296 2040 368 2113 potis
392 2051 435 2099 est
446 2042 551 2100 nidoris
572 2044 707 2114 aiicujus:
723 2061 776 2102 non
798 2047 822 2103 si
835 2047 911 2104 mille
924 2057 952 2105 tu
1006 2051 1106 2113 quatur
1120 2045 1209 2113 cibus,
1223 2046 1446 2119 ἴιθιῦθῃῑῖδθῑῐΰθ
1456 2052 1572 2125 illidam
1585 2057 1815 2132 difficillimum

142 2132 272 2205 pondera
299 2134 413 2193 masculi
436 2136 523 2193 tlruris
548 2137 693 2205 accendas,
721 2138 875 2212 coelumque
899 2138 953 2198 buc
1005 2134 1166 2195 uinulbote
1176 2154 1269 2211 quaeso
1280 2141 1482 2202 immortalibus
1496 2146 1547 2203 diis
1559 2147 1664 2219 bibant,
1679 2154 1811 2226 scyphos,
1864 2182 1869 2193 ·

141 2233 238 2283 totum
251 2228 461 2287 redundantium
475 2246 605 2303 raporum
620 2232 802 2292 nebulositate
814 2234 949 2292 cludatur.
1005 2227 1089 2297 billi,
1104 2242 1223 2301 laeteris.
1240 2237 1437 2308 sympuviaque
1448 2236 1604 2309 depromite
1617 2261 1623 2297 ι
1638 2252 1666 2301 et
1679 2250 1812 2317 quoniam

142 2320 229 2390 Quod
243 2323 316 2380 euim
332 2338 386 2382 110„
402 2324 483 2382 hepar
492 2326 616 2407 roqu'er
630 2329 808 2385 supsraniam
821 2343 950 2401 corpor-r-
1005 2326 1091 2380 tauris
1102 2326 1300 2400 pinguibusque
1313 2344 1344 2386 se
1355 2331 1492 2401 dapibus,
1506 2344 1588 2405 atque
1609 2336 1710 2406 opimis
1723 2341 1812 2399 inler-

105 2480 109 2487 ,
144 2412 216 2483 lem,
240 2417 404 2473 contrectari
423 2433 439 2473 a
454 2418 604 2476 substantio
619 2436 672 2476 uon
688 2431 777 2493 potest
794 2422 949 2493 corporali:
1004 2418 1080 2474 ciunt
1093 2420 1164 2476 escis
1178 2437 1229 2478 :ne
1247 2422 1319 2493 quod
1333 2423 1359 2479 in
1370 2425 1505 2483 stomachi
1516 2429 1626 2486 tramite
1640 2432 1711 2489 male
1723 2442 1814 2493 traus-

144 2504 218 2562 odor
232 2516 323 2564 arrtem
345 2523 445 2579 corpus
459 2519 517 2578 est,
544 2512 623 2568 tactis
637 2512 708 2568 sicut
722 2513 833 2570 naribus
847 2512 951 2569 indica-
1004 2522 1129 2569 romaum
1139 2514 1271 2572 substerit
1281 2516 1370 2574 riscus
1382 2534 1389 2571 :
1402 2520 1566 2591 succurrite,
1580 2534 1737 2597 properate,
1748 2526 1813 2585 tori

144 2606 209 2657 tur:
224 2598 306 2659 adeo
317 2615 383 2673 erqo
400 2602 496 2659 sentiri
519 2604 625 2662 ratione
639 2618 694 2662 non
715 2613 805 2677 potest
823 2604 889 2676 nlla,
903 2604 951 2678 qui
1004 2605 1108 2676 optimu
1123 2608 1241 2666 marimo
1256 2624 1361 2669 merum
1371 2652 1379 2678 ,
1391 2626 1427 2670 oe
1438 2613 1614 2687 praefocetur,
1630 2616 1712 2677 date:
1727 2621 1813 2694 cupit,

779 2738 974 2800 auctiones
991 2735 1203 2804 tentandas

179 2852 195 2885 ⁸
212 2851 387 2918 comperitque
407 2852 478 2907 Fato.
1040 2850 1126 2908 blieo
1141 2858 1201 2910 sab.

829 2964 1117 3027 COMMENTARIUS.

187 3071 223 3129 lit
234 3086 293 3145 que
306 3073 382 3131 aliur.
398 3073 438 3131 lta
450 3073 495 3132 ed.
511 3073 596 3149 Luqd.
613 3076 670 3135 liat.
683 3076 775 3137 Editio
787 3077 948 3154 {princepar
964 3081 987 3148 c
1002 3081 1078 3155 conj.
1094 3098 1102 3138 e
1116 3097 1164 3139 eur
1177 3083 1233 3156 cim
1252 3083 1457 3158 superfundatur
1475 3090 1628 3153 incensioni.
1647 3095 1707 3158 Non
1726 3102 1809 3164 maie.

144 3151 171 3199 et
184 3160 243 3214 que
254 3145 336 3212 aliar,
350 3147 424 3214 quod
436 3146 545 3204 delendi
561 3157 653 3218 posset
673 3151 796 3222 enallage
818 3167 950 3223 generum
1633 3171 1736 3230 barac.

144 3222 175 3270 ct
187 3214 330 3272 modorum
341 3215 383 3272 iuis
398 3218 577 3282 scriptoribus
589 3218 661 3277 baud
680 3219 856 3294 iolrequenti.
869 3224 951 3283 Gele·
1040 3224 1184 3283 siccitates.
1198 3226 1279 3283 Fulu.
1296 3227 1411 3288 Ursinus
1421 3235 1570 3293 siccitatem.
1582 3237 1685 3298 Onera.

143 3286 209 3341 nius
226 3303 233 3339 ε
248 3296 345 3356 atqua
358 3288 427 3344 illoc.
443 3288 545 3347 Orata.
1036 3296 1103 3353 Post
1125 3298 1223 3354 solidos
1244 3300 1325 3356 cietur
1337 3302 1447 3360 liborum
1460 3316 1485 3361 et
1501 3310 1622 3377 prtltiurrr.
1639 3314 1747 3372 solidos
1757 3334 1809 3392 pro

182 3356 238 3413 Sed
247 3360 390 3430 utquisque
403 3368 440 3415 ert
450 3362 532 3431 [octus
548 3362 583 3418 ad
596 3364 752 3421 mammam
769 3367 808 3421 rei
829 3367 951 3425 uenientis
1000 3368 1101 3433 solitos.
1118 3370 1190 3440 quod
1204 3378 1283 3427 antea
1298 3371 1454 3444 legebatur,
1477 3383 1658 3440 restituerunt
1674 3386 1809 3449 meursius

142 3437 288 3497 attactam,
302 3430 339 3485 ita
352 3430 469 3502 afficitur.
486 3431 533 3489 Sic
545 3433 688 3491 ediderunt
699 3435 830 3494 Gelenius
848 3447 877 3494 et
888 3439 950 3496 Sal·
1000 3448 1028 3496 et
1041 3439 1213 3496 stewechius
1230 3457 1246 3499 e
1267 3440 1336 3497 Cod.
1355 3455 1440 3511 msto.
1455 3451 1617 3510 rectissime.
1632 3454 1686 3513 Sed
1705 3461 1809 3520 tollitur

141 3500 263 3567 mosius,
288 3503 451 3559 rectissime.
473 3503 563 3560 Editio
585 3507 714 3579 princeps
739 3518 890 3566 :armatum
912 3512 950 3566 ita
1000 3510 1173 3568 Steureobius
1196 3522 1309 3582 putans,
1333 3513 1483 3574 druobinm
1498 3520 1541 3578 luis
1560 3526 1651 3581 verbis
1669 3531 1808 3598 respicere

142 3571 231 3643 edicit,
246 3571 324 3627 nullo
335 3586 428 3630 sensu.
443 3573 547 3632 Orsuae.
999 3581 1034 3638 ad
1044 3583 1201 3651 opinionem
1217 3584 1290 3639 illam
1307 3594 1447 3651 veterum.
1465 3605 1517 3660 qua
1540 3608 1574 3649 ex
1591 3595 1668 3662 libis.
1686 3600 1806 3668 pultibus

180 3641 238 3698 Nee
261 3642 403 3700 caliditatis
428 3644 541 3719 alicujus
562 3648 701 3705 eminentia
726 3650 863 3708 subleuari.
884 3651 948 3711 tiaec
998 3655 1161 3721 ceterisque
1187 3654 1287 3711 eduliis
1303 3656 1402 3713 oblatis
1421 3661 1486 3714 uilril
1508 3661 1626 3721 debebat
1648 3683 1804 3737 superesse.

141 3722 185 3769 est
199 3714 280 3771 lectio
294 3723 392 3782 retus,
415 3730 465 3785 pro
486 3733 537 3788 qua
561 3718 690 3777 Gelenius
711 3739 718 3776 :
742 3739 788 3778 nec
809 3724 948 3780 soliditatis
999 3726 1081 3792 arqui
1094 3726 1146 3782 cibi
1160 3724 1240 3782 solidi
1256 3737 1320 3782 suot
1335 3727 1423 3798 firmi,
1440 3733 1513 3803 feste,
1530 3735 1669 3810 nemausis
1682 3739 1802 3812 Speiserr.

140 3784 267 3856 adraim,
278 3794 331 3843 etc.
346 3786 426 3842 male.
449 3786 510 3842 biox
526 3805 533 3842 z
547 3787 623 3857 Quod
636 3791 705 3845 euim
719 3808 770 3847 uon
783 3793 858 3849 babet
869 3794 948 3850 robur
998 3793 1071 3850 iltuit
1084 3797 1210 3866 amplios.
1228 3795 1336 3854 Οιιιιι.

139 3864 164 3910 rt
182 3855 352 3912 substantiam
376 3859 548 3928 corporalem,
561 3869 628 3925 etc,
646 3861 948 3921 Hannan.-dli1:nec
1038 3865 1239 3938 bestiarumque
1251 3870 1578 3942 cesarumlvinumfenim
1588 3878 1737 3941 lundcbant
1747 3901 1800 3947 non

139 3926 268 3984 eliditotis
282 3928 394 4000 alicujus
408 3929 554 3985 cnriueun'a.
566 3931 670 3987 besua.
997 3944 1100 3993 tantum
1114 3937 1191 3992 initio
1200 3938 1335 4006 sacrificii,
1349 3955 1518 4000 accensaara
1533 3959 1561 4003 et
1571 3949 1651 4008 thure
1663 3954 1800 4027 imposito,

181 3997 275 4054 Nonri
287 3999 358 4055 mille
372 4002 947 4073 mponderarrarcattruarirtraeaam.tttr-
997 4008 1047 4065 sed
1071 4008 1197 4064 mactatis
1218 4010 1298 4065 etiam
1318 4019 1400 4082 atque
1412 4012 1632 4077 illatisrictimis.
1648 4023 1797 4099 Homerus,

138 4069 486 4143 circumieruntque:
546 4123 553 4140 ,
997 4079 1028 4134 ll.
1046 4094 1098 4134 un:

177 4180 356 4249 verbenasque
365 4183 438 4236 adole
450 4186 558 4251 pingues
569 4191 597 4238 et
607 4186 714 4239 mascula
723 4187 804 4240 thura.
818 4187 927 4242 Heraea.
1059 4170 1416 4302 iriaffiffirssfsdffffm
1424 4186 1555 4304 menz

140 4288 291 4348 diusculum
305 4291 367 4349 tirus
380 4292 515 4351 recubant
532 4301 639 4352 veteres
663 4294 796 4366 optimum
821 4311 853 4353 ac
872 4312 944 4369 pre·
1059 4305 1468 4364 mimmeztrtaatwem
1478 4317 1553 4368 sauss·

140 4363 360 4420 stantissimom:
377 4364 448 4421 idem
470 4366 608 4438 stagonias
625 4381 660 4437 ap
696 4367 944 4434 lamminarum
1060 4367 1113 4411 oum
1125 4368 1272 4447 {tr-manu
1283 4373 1406 4426 emtam
1417 4371 1516 4417 aarum

140 4449 154 4488 s
192 4433 260 4490 ciem
275 4434 432 4504 rotondum,
447 4444 593 4494 utconstat
606 4452 639 4493 ex
655 4382 845 4497 gioscomdeet
855 4439 983 4529 RtinioD
1059 4421 1132 4515 *filma
1142 4429 1173 4484 ti
1184 4431 1450 4526 tifflbl‘f‘i‘i‘tfft·
1467 4427 1577 4481 flmm-

167 4503 499 4578 isr.1tat.tib.xn‚cap.
523 4509 569 4565 ll.
589 4507 722 4580 Religioni
740 4510 888 4574 tributum.
908 4527 943 4568 ne
1030 4502 1118 4587 βηθιο
1142 4505 1260 4565 (ὶίθθῦωτ
1282 4507 1338 4563 brea
1341 4545 1396 4565 ·····
1411 4509 1478 4595 sudor
1490 4513 1606 4595 dyptico.
1622 4517 1744 4581 flamm.
1759 4555 1795 4571 -·

140 4590 225 4632 sexus
248 4577 317 4634 aruer
339 4585 526 4647 usurparant,
544 4579 604 4636 vid,
616 4578 704 4652 fleyn,
719 4580 750 4636 v,
765 4581 794 4639 s,
817 4593 845 4640 er
859 4581 951 4648 Voss..
994 4575 1057 4631 Brua
1070 4583 1130 4662 erat
1139 4577 1274 4648 quoddam
1285 4595 1421 4637 mensurae
1432 4583 1607 4672 luqurudorum²
1620 4603 1668 4646 seu
1681 4596 1754 4653 uasis
1766 4607 1795 4655 et

142 4647 176 4702 ad
194 4647 299 4716 Virgilii
314 4648 482 4707 llorere.
993 4646 1085 4771 Boculr
1095 4713 1108 4738 v
1122 4662 1219 4718 penus.
1247 4651 1331 4708 Vetus
1357 4651 1525 4712 Glossarrum
1559 4658 1792 4735 latmo-graecum:

179 4717 276 4776 xxix.
303 4751 340 4763 -
364 4721 468 4777 dieram
494 4721 578 4779 sturia
605 4732 642 4780 ert
665 4724 774 4781 socium.
799 4723 838 4780 lta
863 4733 905 4782 cst
932 4738 940 4781 ι
1018 4735 1067 4786 rw,
1084 4717 1278 4803 τιδριργγῑὶου,
1294 4726 1566 4810 Ἧθῐῐειιιιιιιιωιιιιιι.
1582 4730 1793 4795 videsisLexi·
1881 4794 1886 4804 .

140 4789 242 4859 iniecto
252 4792 279 4846 iu
293 4807 368 4849 aram
383 4807 525 4849 accensam
538 4794 631 4859 tlrure.
644 4795 738 4851 uinum
757 4797 849 4852 statim
863 4795 941 4867 inge·
992 4803 1045 4845 uun
1059 4789 1174 4845 Martum
1187 4802 1215 4846 et
1226 4792 1320 4863 Canqu
1333 4792 1512 4876 Glossanum.
1528 4798 1632 4884 Noenu.
1650 4820 1684 4872 pa
1703 4846 1711 4861 .
1727 4809 1791 4866 det.

139 4862 253 4918 peberar
279 4872 309 4921 er
332 4863 530 4922 infundebatur,
565 4865 677 4923 ovidius
699 4867 746 4924 m),
777 4882 794 4922 q
826 4865 940 4935 prise,
993 4858 1085 4914 -ab
1099 4860 1151 4914 lroc
1164 4864 1296 4918 uocabulo
1308 4863 1431 4921 derrrant
1442 4875 1610 4936 qrammutrei
1624 4876 1679 4929 rie
1709 4878 1792 4937 iuret

28 4973 30 4977 ,
141 4932 237 5004 Eclqg,
259 4934 276 4992 5
297 4953 304 4989 :
560 4979 565 4985 .
994 4931 1104 4986 sobrius.
1120 4930 1189 4988 Vide
1202 4932 1499 4992 Gesnerarrttresaar.
1511 4940 1613 4997 Ossan.

1031 5001 1232 5074 Sympuuiaqae.
1258 5005 1321 5061 ils:
1350 5006 1544 5079 spmpabioque.
1559 5013 1671 5070 Sabaeos
1692 5020 1791 5095 rumpi-

994 5072 1037 5128 uia
1056 5089 1095 5128 ue.
1111 5072 1179 5132 Vide
1197 5089 1288 5146 supra,
1304 5077 1339 5131 ad
1353 5078 1400 5133 lib.
1417 5093 1451 5143 rr,
1467 5095 1528 5150 cap.
1542 5083 1588 5138 51.
1604 5084 1707 5144 Orsua.

1060 5145 1152 5216 equod
1165 5147 1192 5202 irs
1203 5148 1329 5203 atomacdi
1349 5150 1450 5204 tramite
1460 5153 1526 5206 orele
1535 5161 1722 5216 transvoratum
1731 5164 1793 5220 aad·

68 5206 70 5209 ⁴
140 5214 272 5273 Sciebant
281 5218 340 5275 soil.
356 5219 448 5275 riorum
465 5220 491 5275 in
504 5221 567 5277 tbus
580 5221 696 5278 nammis
715 5221 808 5278 datum
827 5223 941 5295 prolun-
992 5216 1085 5272 stiterit
1096 5218 1188 5273 maus.
1205 5216 1553 5304 Pessime-Billhlusqin
1566 5224 1724 5298 Adversus
1741 5236 1789 5294 lib.

140 5287 217 5353 dere,
230 5288 284 5358 vel,
300 5290 370 5347 sicut
383 5291 502 5362 loquitur
515 5292 686 5361 Lactantius,
700 5294 805 5350 odorati
821 5310 852 5350 ac
864 5305 941 5351 uete·
994 5301 1100 5371 timuit·
1113 5290 1139 5352 l.
1151 5304 1211 5360 ιιι·
1221 5289 1401 5345 2576·th
1411 5291 1534 5378 iutelligit
1543 5295 1578 5351 de
1587 5298 1720 5382 glutinosa
1733 5320 1792 5362 ma-

140 5359 179 5414 ris
202 5359 257 5416 uini
284 5362 439 5431 prolusione
463 5361 633 5421 madeiacere
653 5363 738 5422 locos.
761 5365 820 5435 Quo
833 5364 868 5422 de
886 5368 940 5423 ritu
994 5358 1197 5442 terragia-rmore
1213 5375 1330 5428 ¹¹10t⁰⁸⁰r
1347 5367 1662 5447 tenacisquatrsocctudn
1674 5385 1790 5437 meatus.

139 5428 278 5499 nomque,
292 5431 339 5488 pb,
352 5448 373 5501 t,
384 5433 436 5491 od,
448 5448 491 5488 χιι
510 5452 516 5487 ;
993 5427 1076 5498 Atqur
1089 5430 1307 5514 dastrnquendum
1333 5449 1427 5500 urceus,
1439 5451 1459 5499 ι,
1473 5437 1514 5491 rel
1533 5438 1638 5521 mecum,
1653 5443 1672 5509 ι’,
1687 5444 1792 5515 signin.

233 5544 704 5671 {ffissffleffl’ni'gffoe¹¹¹⁰'¹³‘¹¹¹⁰’
728 5563 731 5570 ⁴
993 5505 1630 5652 fficio?''219ss”fflffiaequfedc‘tiiansssutedrilsuiq'ffisr't'
1644 5526 1789 5660 ἶῖῗῗῖιῗζ

992 5641 1791 5811 citarique

136 5823 142 5836 .
175 5776 227 5835 cm
239 5777 269 5833 e‘s
275 5776 476 5852 superfundatur
485 5778 639 5840 incensioni.
648 5783 875 5861 bleursius.‚psg.
885 5786 940 5844 2er
993 5785 1028 5842 ad
1039 5786 1161 5861 Apulei,
1175 5786 1239 5845 blei.
1253 5803 1282 5857 ιι,
1296 5804 1357 5864 pag.
1371 5790 1432 5849 103.
1447 5788 1550 5849 uraca.

360 5872 498 5936 carros.
522 5873 561 5939 V.
1488 5883 1529 5952 tu

189 5045 228 5097 Da
239 5048 297 5099 mihi
309 5048 389 5110 thura,
400 5063 475 5162 puer,
489 5051 594 5116 pingues
605 5049 721 5103 facientia
730 5050 847 5114 flammas,

219 5109 339 5176 Quodque
347 5114 388 5177 pio
409 5126 480 5163 usum
488 5114 575 5164 stridat
583 5116 609 5165 ia
620 5115 679 5178 igne
691 5127 798 5166 meram.
815 5115 924 5167 timum.
