4150 6250
10 268 13 277 ·
87 258 123 315 'ii
609 244 656 303 bl:
671 240 831 303 SECUNDO
848 239 1048 302 adaptabit
1066 238 1249 301 baptisato.
1713 242 1751 304 ¹18

89 371 193 431 renim.
211 366 253 425 ita
277 362 384 425 adlinet
398 374 449 421 nos
463 360 580 420 incitare
602 359 691 417 rolnit
714 357 845 416 Dominus
863 355 896 413 ad
911 356 936 417 Α
948 354 1031 411 medii
1050 355 1175 425 ratione,
1197 357 1381 428 praestantius.
1404 357 1469 414 ttta
1487 357 1574 429 pactis
1592 357 1752 432 symbolicis

90 472 213 524 mortem
238 475 291 533 pro
318 456 447 515 iratribus
470 453 573 511 lubenti
598 453 689 509 animo
711 449 900 520 constantique
952 446 1053 521 (qualia
1079 459 1324 507 sacramentaesse
1346 466 1442 508 ornnes
1463 451 1626 525 aqnmeunt)
1646 453 1752 524 sejungi

90 560 258 622 obmndaut,
274 565 305 613 ιιι
318 555 346 611 in
368 552 420 609 laac
434 551 493 624 ipsa
504 551 588 608 etiarn
603 563 683 607 causa
705 550 794 619 ipsum
808 547 900 602 imita·
952 544 1046 613 nequit
1064 543 1216 600 istiusmodi
1230 544 1428 602 subordinatio.
1443 545 1510 602 Cum
1532 546 1605 603 enim
1629 547 1753 619 symbola

90 670 202 722 man,
223 658 255 707 ιιι
274 649 347 705 sicut
361 647 422 718 ipso
436 658 486 716 pro
504 642 583 700 nobis
595 643 678 697 uitam
691 640 792 714 posuit,
808 649 837 695 et
849 652 902 697 nos
951 634 1134 691 adhibeantur
1153 634 1188 691 ad
1202 635 1254 691 alia
1270 645 1360 692 tamen
1382 636 1470 693 uiticia
1485 652 1499 693 a
1514 637 1648 711 symbolis
1660 638 1751 696 ditar-

89 763 148 822 pru
158 743 286 804 tnubns
299 739 384 796 rium
394 736 579 810 poneremnsl
594 733 623 792 S.
635 733 729 801 ioan,
746 748 787 800 ιιι,
802 732 847 788 lii.
861 730 901 787 lta
950 728 1058 787 sissima
1071 730 1422 803 repraesentanda,ipsaqne
1431 730 1501 789 adro
1513 731 1558 789 iiia
1569 743 1749 805 repraesenta

92 843 183 899 uitam
208 851 259 909 pro
279 830 413 907 Apostoio
436 845 539 902 ponere
562 828 648 901 parati
663 835 742 885 erant
762 825 901 896 discipuli,
953 824 1027 881 tione
1050 823 1220 895 spondendo,
1236 834 1267 881 nt
1279 824 1394 897 proinde
1413 824 1565 882 mediorum
1586 828 1754 899 utraqoeri·

93 935 154 1006 ipae
173 930 294 987 vicissim
316 941 368 998 pro
392 922 544 995 discipulis.
558 920 596 977 lta
620 920 739 993 ignatius
753 919 901 993 antipapae
952 931 1013 973 cem
1035 916 1185 988 impleant;
1200 925 1311 974 constat
1330 926 1421 976 tantan
1434 919 1517 974 oiiicii
1536 934 1616 991 qnam
1634 920 1754 992 symboli

92 1042 190 1088 eornm
213 1038 277 1081 esse
290 1019 377 1078 soluit
396 1019 442 1090 qni
463 1015 600 1089 episcopis
622 1013 805 1081 aditaererent,
829 1009 902 1084 qnod
952 1007 1176 1081 tonqeputtorem
1195 1024 1256 1067 esse
1276 1010 1422 1078 rationem,
1436 1010 1535 1083 jusque
1548 1010 1582 1067 ad
1600 1011 1754 1068 mercedem

93 1121 200 1178 seilicet
218 1130 312 1173 eurum
337 1113 432 1186 ψυχὰς
452 1110 604 1183 dapason,
622 1106 691 1163 nitas
715 1120 813 1176 nempe
835 1103 901 1172 rita,
954 1101 1039 1159 dilen
1055 1105 1218 1175 promissam
1232 1105 1357 1163 conferre
1371 1105 1452 1178 longe
1466 1106 1572 1162 auctius
1592 1116 1675 1178 atque
1688 1106 1757 1162 nali·

96 1213 233 1269 redimere
246 1204 375 1263 voluerit.
389 1201 456 1258 lnde
477 1208 568 1256 tantus
583 1197 629 1254 ille
643 1198 852 1254 christianorum
875 1195 902 1252 in
953 1195 1026 1251 dius.
1056 1195 1112 1252 blot
1146 1207 1236 1254 tamen
1264 1198 1382 1270 deniquo
1406 1208 1576 1270 putescum
1602 1200 1755 1273 symbulum

95 1321 126 1362 se
153 1303 272 1360 invicem
300 1311 378 1353 amor
401 1307 455 1366 qno
481 1288 718 1346 illustresilloset
740 1288 903 1358 conspicuos
953 1299 1054 1345 nostrae
1067 1290 1094 1344 in
1113 1289 1248 1361 baptismo
1261 1293 1452 1363 professionis,
1476 1308 1556 1364 quant
1571 1295 1755 1351 conditionem

95 1401 241 1456 tmaeesaa
254 1392 340 1450 etiam
359 1396 440 1445 etate
451 1394 586 1443 memorat
596 1381 794 1440 Tertullianus.
805 1379 903 1437 liemo-
954 1385 1516 1458 quameosymboiospondemnsanostra
1530 1390 1601 1460 pacti
1609 1389 1757 1460 iambres-

97 1496 140 1550 nis
158 1496 184 1548 et
196 1488 309 1562 Pptbiae
322 1484 438 1541 ilistoria
448 1479 520 1553 apud
534 1481 723 1553 pythagoraeos
736 1478 816 1549 iunge
829 1474 903 1533 ceie-
954 1474 987 1529 lis
1001 1484 1077 1545 parte
1092 1477 1285 1547 onustandam,
1295 1494 1457 1551 quamquam
1472 1480 1499 1535 in
1512 1490 1616 1551 pacton
1632 1482 1688 1538 ileo
1699 1483 1759 1552 qui·

96 1577 368 1642 nemausinos
394 1572 515 1630 armiati
533 1571 770 1645 padebrunnens
794 1568 902 1638 meni,
955 1568 1157 1626 deminstituto
1170 1570 1361 1640 adhibeantur,
1376 1572 1411 1629 ad
1425 1572 1758 1643 inneneuuendiun,

98 1677 164 1734 illm
183 1668 340 1736 missioni,
356 1682 428 1739 quos
442 1672 534 1721 tantm
553 1676 650 1719 ontnes
664 1662 746 1734 letrau
760 1658 904 1718 munatio
955 1670 1116 1733 portamque
1128 1662 1200 1733 pacti
1215 1663 1362 1734 illamqua
1384 1662 1510 1721 homines
1528 1676 1644 1736 spectat,
1659 1666 1760 1734 attineo,

97 1772 271 1840 supemrum.
291 1761 333 1818 ita
353 1756 534 1817 conueniebat
546 1753 714 1812 adamussim
737 1768 799 1809 curn
826 1752 903 1809 irisce
915 1756 941 1818 Β
955 1769 995 1810 re.
1010 1752 1049 1810 lta
1064 1769 1120 1810 non
1140 1769 1203 1811 cum
1228 1754 1356 1811 humanis
1381 1755 1472 1812 divina
1497 1756 1685 1823 conserentur,
1710 1757 1761 1813 sed

96 1858 236 1933 principiis
260 1853 353 1926 praxis
368 1851 451 1910 etiam
472 1850 665 1922 primaevornm
679 1844 904 1902 christianorum.
955 1846 1154 1902 cumbumanis
1166 1845 1265 1904 oliiciis
1275 1848 1328 1904 alia
1338 1847 1426 1905 oldaia
1435 1858 1463 1905 et
1478 1848 1525 1905 iila
1539 1864 1646 1921 qnoque
1656 1849 1759 1920 pariter

97 1953 138 2011 lta
145 1951 251 2024 praxim
264 1945 339 2001 iilam
348 1941 586 2016 generosissimam
596 1935 814 2011 prudentissimis
822 1936 904 1992 etiam
955 1937 1085 2005 humana,
1101 1940 1196 1996 utalia
1211 1941 1271 1996 aliis
1281 1941 1393 1998 meliora
1408 1941 1568 2009 habeantur,
1581 1954 1609 2000 et
1625 1945 1680 2001 ileu
1694 1960 1758 2016 gra·

98 2042 238 2120 principiis
259 2039 367 2096 luicitit
383 2034 516 2093 Dominus
534 2032 674 2104 legislator
689 2029 811 2087 omnium
826 2029 906 2101 longe
956 2033 1035 2089 tiore.
1047 2032 1147 2089 Fateor
1159 2033 1284 2104 equidem
1298 2033 1395 2090 horum
1410 2032 1563 2091 ciliciorum
1574 2036 1619 2107 jus
1634 2035 1667 2091 ad
1683 2051 1760 2093 mer·-

96 2136 289 2214 peritissimus.
957 2124 1052 2182 cedem
1063 2133 1143 2196 pacto
1159 2126 1377 2198 institutionique
1396 2125 1495 2183 dirinae
1513 2136 1598 2184 totum
1619 2139 1761 2201 acceptum

137 2228 400 2305 §pie-Qucum
414 2215 792 2290 itasaitabeant,iamiacile
805 2214 906 2273 intelli·
956 2234 1018 2277 esse
1039 2218 1224 2276 reterendum.
1243 2218 1273 2275 ld
1295 2229 1387 2277 tamen
1402 2220 1545 2277 itarernm
1559 2229 1601 2277 est
1615 2230 1646 2277 ut
1664 2238 1762 2293 qnam-

98 2326 186 2399 pinus
211 2321 359 2379 nilileste
380 2332 431 2375 cur
451 2315 523 2372 male
546 2311 670 2380 audiant,
684 2310 736 2366 itae
760 2310 788 2366 in
811 2322 905 2377 musa,
957 2327 1037 2385 quarn
1057 2325 1112 2368 non
1127 2322 1240 2384 propter
1253 2327 1336 2384 opera
1359 2313 1432 2369 Deus
1445 2313 1599 2370 mercedem
1615 2314 1761 2385 retribuat,

97 2418 221 2493 paneri
244 2412 395 2472 christiani.
418 2407 551 2481 papam
566 2405 646 2463 titulo
659 2404 818 2477 martyrium
838 2403 906 2458 iusi·
958 2415 986 2462 at
999 2406 1150 2463 secundum
1172 2420 1256 2477 opera
1270 2405 1318 2461 ilat
1332 2405 1377 2461 illa
1391 2405 1544 2473 retributio,
1564 2414 1594 2462 ut
1608 2406 1722 2478 proinde
1732 2407 1762 2465 in

98 2510 236 2584 quierunt.
252 2506 309 2563 Nee
323 2514 427 2561 temne
439 2502 483 2569 id,
497 2515 549 2558 nee
563 2513 613 2570 pro
623 2511 674 2555 sno
688 2496 819 2553 duntaxat
831 2494 907 2552 arbi·
958 2497 1055 2555 ullleiis
1068 2500 1230 2570 nostrisqno
1243 2507 1307 2553 sunt
1319 2512 1433 2568 quaque
1446 2496 1474 2552 in
1489 2511 1520 2554 se
1533 2498 1720 2569 praestantiora
1736 2508 1766 2556 et

99 2604 162 2662 uio.
189 2599 331 2658 utemur»
356 2597 485 2654 ιιιιιιιιιιι
518 2595 609 2665 ipsunt
641 2591 795 2648 babuerunt
825 2603 907 2661 quem
959 2589 1763 2663 benpmtioraeoeriganturaiieopaciseeutediligentius,

100 2702 294 2768 sequerentur
314 2701 460 2748 aemorum.
486 2686 543 2745 aed
563 2700 625 2745 eum
647 2683 724 2740 dtnlu
742 2683 803 2755 jura
826 2682 908 2739 etiam
958 2693 987 2742 et
998 2685 1125 2742 mercede
1138 2685 1283 2755 copiosiori
1299 2695 1474 2743 coronentur.

98 2787 241 2860 baptism
250 2784 381 2858 umrtprio
390 2784 553 2849 tribuerant,
565 2778 712 2851 etquidem
721 2786 906 2835 sacramenta·
996 2779 1010 2851 ᾗ
1023 2778 1277 2848 aa-Quamqnam
1292 2790 1382 2835 autem
1392 2779 1518 2850 baptismi
1531 2779 1617 2837 solius
1627 2781 1764 2841 rationem

102 2881 136 2937 lia
148 2878 284 2951 baptismi
297 2875 380 2933 abeo
392 2876 454 2948 ipso
463 2872 590 2932 ιιιιιιιιιιι.
600 2870 721 2928 lmmane
730 2868 910 2941 proculdubio
960 2871 988 2927 in
999 2871 1051 2927 irae
1062 2879 1156 2928 nostra
1172 2869 1366 2927 dissertatione
1384 2870 1572 2939 babuerimus,
1586 2871 1658 2943 quod
1671 2881 1763 2931 tamen

100 2973 232 3041 ficium,
253 2969 378 3042 aquea
396 2968 455 3025 beo
466 2973 559 3023 casem
576 2965 604 3021 in
619 2973 702 3035 paeto
716 2960 909 3019 sacramentali
960 2965 995 3023 de
1007 2965 1143 3036 baptismo
1155 2964 1333 3033 asseruimus,
1349 2965 1420 3021 idem
1435 2966 1470 3021 de
1483 2965 1570 3021 altero
1584 2966 1763 3025 Eucharistiae

99 3059 713 3140 praevadaeasuiaadiarentisaasorerent,
728 3051 804 3110 nullo
819 3062 908 3109 tamen
961 3068 1133 3115 meranrento
1147 3071 1271 3115 asserere
1286 3066 1454 3129 poteramus,
1470 3067 1668 3130 representare
1683 3060 1764 3116 nimi-

101 3158 162 3216 airl
181 3155 232 3214 liei
248 3155 396 3228 promisso,
425 3154 503 3210 nuto
527 3153 576 3210 liei
602 3150 724 3222 legitimo
737 3148 840 3205 vicario
860 3148 944 3220 quic
959 3167 1020 3208 rum
1034 3150 1096 3219 hie,
1110 3159 1192 3222 atque
1205 3149 1275 3206 adeo
1287 3149 1434 3221 sponderi,
1450 3160 1573 3207 nostram
1590 3167 1641 3221 pro
1652 3151 1762 3210 Christo

101 3252 304 3324 {leimam
318 3263 401 3322 apere
415 3247 513 3305 utun
528 3253 633 3317 posset,
647 3254 674 3300 ct
690 3242 909 3299 lleinomineea
960 3247 1139 3317 martyrium,
1168 3254 1198 3301 ut
1223 3243 1335 3315 proinde
1368 3244 1450 3317 hujus
1480 3245 1562 3301 etiam
1591 3246 1763 3305 Eucharistia

102 3345 222 3418 pomi
238 3360 303 3417 qn
321 3343 395 3400 lices
407 3342 484 3413 ipse,
504 3347 617 3413 propter
633 3337 782 3410 legitimam
801 3334 909 3407 delega-
960 3339 1150 3412 pactiprmmia
1161 3339 1461 3411 possiutamartpribus
1471 3338 1762 3398 vendicariNecenim

102 3440 202 3495 tisaeru
214 3446 351 3509 pmstare
364 3443 515 3492 ιιιιιιιαω.
536 3431 591 3490 Sed
603 3431 684 3502 inope
696 3428 812 3486 aberant
824 3429 860 3486 ab
875 3440 909 3484 eu
959 3431 1038 3487 aliter
1048 3429 1076 3487 in
1090 3445 1160 3502 pane
1173 3429 1364 3487 Euebaristieo
1376 3429 1464 3486 fracto
1481 3439 1694 3502 representatur
1703 3447 1766 3489 cor·

101 3533 326 3592 sedatum
337 3539 369 3587 at
384 3529 434 3586 bai
448 3542 564 3597 nomen,
577 3527 639 3583 siue
652 3524 743 3582 diuina
756 3534 846 3580 tamea
859 3539 908 3580 au·
958 3537 1010 3596 pus
1023 3523 1132 3579 Domiui
1154 3538 1236 3595 qnam
1251 3532 1280 3579 ιιι
1299 3537 1425 3595 passum,
1443 3522 1575 3590 fractum,
1587 3524 1762 3592 crueiiixnm;

102 3626 241 3693 απὶιιιο,
250 3625 310 3682 auis
323 3623 457 3680 institutis
468 3628 659 3693 praetexerent.
675 3620 711 3675 it
724 3617 835 3687 impium
848 3630 910 3687 pro·
959 3633 1011 3676 nac
1032 3617 1114 3676 aliter
1127 3618 1154 3674 in
1169 3616 1255 3675 effuso
1267 3616 1331 3673 mnu
1344 3617 1455 3688 sangnis
1464 3632 1545 3689 quarn
1560 3626 1590 3674 ut
1602 3617 1661 3688 ipsc
1679 3617 1761 3674 etiam

102 3718 176 3777 iectu
188 3731 244 3775 eon
265 3716 354 3774 luitsi
368 3715 540 3773 conditiones
551 3729 568 3771 a
582 3713 639 3769 ileo
660 3711 719 3783 ipso
742 3709 909 3782 praemotus
958 3710 1071 3767 effusus.
1088 3709 1154 3781 Quis
1166 3719 1209 3766 est
1228 3709 1275 3780 qui
1289 3725 1343 3765 non
1358 3707 1448 3765 rideat
1461 3724 1541 3781 quam
1560 3709 1615 3766 sint
1629 3709 1687 3766 inme
1701 3725 1762 3767 ma·

101 3817 279 3884 apeem
290 3810 322 3867 in
333 3817 415 3882 paeto
425 3807 578 3881 baptismali
589 3806 624 3862 ab
636 3804 697 3876 ipso
710 3803 845 3860 instituto.
858 3803 909 3859 lut·
959 3806 1059 3863 nilesto
1068 3803 1101 3861 ad
1111 3804 1252 3875 passiones
1259 3801 1606 3860 Christirel'erendaicum
1615 3802 1766 3876 itaqueper

102 3908 177 3979 piu
190 3921 247 3963 ιιοιι
258 3904 312 3961 leit
321 3897 688 3975 ehpamisacrnnentaiis
702 3895 818 3953 consilio
829 3895 908 3952 calli·
960 3916 1045 3957 unum
1056 3900 1133 3957 illum
1141 3913 1239 3969 panem
1249 3913 1332 3954 unum
1345 3911 1396 3955 nos
1406 3912 1467 3954 cum
1475 3894 1691 3968 cbrisnmrpus
1700 3912 1764 3969 pro·

102 3999 371 4073 quusiqeidpnrro
380 3998 497 4070 inpacta
506 3994 661 4067 baptismali
673 3993 811 4050 rideretur
823 3992 910 4049 inclu-
959 3986 1098 4050 ιιιιιιιιιιι,
1111 3983 1209 4051 teor„
1225 4000 1255 4050 x,
1267 3984 1314 4051 tt,
1327 3983 1354 4040 id
1368 3983 1446 4055 piane
1456 3997 1506 4054 pro
1518 3981 1669 4055 symbolice
1682 3997 1764 4054 spon·

103 4110 181 4153 snm.
196 4093 372 4165 lmpiutnnoe
386 4085 909 4164 luitbueipsumdemartyriocnlligare
959 4079 1124 4146 duodicim,
1149 4079 1326 4151 spondemus,
1341 4092 1396 4134 non
1414 4078 1442 4133 in
1467 4091 1582 4147 corpore
1603 4077 1685 4132 modo
1699 4089 1761 4142 nos,

103 4189 131 4244 si
145 4197 205 4259 qu
227 4193 339 4257 panau
358 4181 478 4259 legitima
499 4191 789 4252 sarmentorumque
801 4178 910 4250 propria
960 4172 1050 4231 sedin
1063 4173 1249 4245 ipsiaqnoque
1262 4165 1761 4242 eorporispassiouibnseumChristo

104 4279 353 4353 quantulum.
365 4278 482 4351 impium
492 4276 610 4348 denique
622 4289 676 4331 non
687 4272 749 4342 luit,
760 4272 784 4328 si
798 4279 827 4327 et
838 4285 910 4326 mar·
959 4266 1021 4328 iore
1034 4266 1296 4330 communicaturos,
1311 4269 1343 4318 ut
1353 4269 1381 4317 et
1394 4261 1445 4331 ipsi
1461 4276 1510 4316 nos
1527 4268 1634 4330 paratos
1646 4271 1762 4332 praste-

105 4375 189 4451 φήῃ,
203 4377 252 4432 'ps
271 4375 301 4433 pq
314 4376 486 4448 pompm,
500 4385 527 4431 οι
538 4375 601 4446 jm
614 4385 721 4445 quoque
740 4369 909 4441 baptismalia
960 4374 1022 4415 mus
1043 4368 1072 4414 ut
1093 4374 1155 4415 eum
1175 4354 1354 4427 copatiamur
1367 4363 1449 4426 atque
1471 4352 1671 4424 crucifigamur.
1691 4354 1761 4410 Cum

105 4479 273 4529 meent.
284 4470 369 4542 lttqni
379 4470 515 4542 baptismo
527 4467 688 4539 martyrium
701 4479 756 4521 non
768 4462 911 4520 emiorum
960 4454 1041 4510 etiam
1055 4451 1155 4507 dicitur
1167 4449 1211 4506 bie
1220 4448 1330 4520 sanquis
1345 4461 1394 4519 pro
1408 4446 1501 4503 multis
1516 4445 1626 4512 effusus,
1638 4446 1665 4503 id
1678 4461 1762 4519 porro

105 4561 196 4633 modo,
210 4562 356 4619 sedetiam
375 4562 540 4618 anteierunt.
555 4559 625 4616 ilale
642 4556 751 4630 quidem
766 4555 806 4622 id,
819 4555 842 4611 si
854 4555 909 4626 jann
922 4555 950 4616 D
962 4545 1141 4619 pollicemur,
1169 4558 1219 4599 ¹¹⁰⁵
1245 4542 1340 4608 illim»
1368 4554 1417 4612 1)ῐο
1438 4538 1540 4596 beiifi
1566 4539 1704 4610 ²¹0⁰¹ii¹⁰s
1729 4555 1764 4597 0⁰

106 4657 276 4716 munitisset
285 4670 335 4714 sua
344 4653 472 4711 nimirum
485 4653 602 4710 burmann
612 4652 804 4708 institutacnm
814 4647 911 4703 divinis
963 4636 1123 4710 promptiori
1140 4636 1231 4691 animo
1242 4632 1276 4689 ad
1288 4630 1445 4704 patiendum
1461 4645 1620 4688 accessuros
1636 4645 1690 4701 qno
1704 4631 1765 4702 pln-

105 4767 263 4811 ,ΜΝ
275 4742 911 4809 mnqqnqefp‚sedp010211wp,erembabere
962 4734 1032 4791 rium
1058 4731 1173 4788 salutem
1201 4727 1377 4799 intelligimus
1399 4733 1492 4781 nostra
1519 4725 1578 4782 iore
1593 4735 1680 4780 morte
1699 4740 1764 4794 pro·

107 4862 142 4904 en
158 4846 241 4904 dictis
263 4855 385 4903 constan
399 4845 468 4903 Cam
490 4846 518 4901 in
538 4850 617 4917 pacto
638 4838 795 4914 baptismali
809 4837 911 4895 includi
962 4827 1135 4885 monendam.
1149 4824 1188 4881 lta
1205 4824 1277 4880 enim
1291 4819 1350 4876 lore
1362 4828 1392 4876 nt
1406 4817 1506 4874 Cirristi
1527 4819 1655 4888 patientis
1669 4831 1763 4873 exent-

108 4943 266 5017 mysiam
283 4943 427 5015 probarint
450 4948 571 5007 ueteres,
585 4938 722 4994 immerito
733 4950 798 4992 sane
810 4944 912 5002 marty·
963 4922 1037 4993 plum
1069 4916 1156 4988 miili
1185 4915 1219 4970 Νι
1252 4914 1343 4969 'ilum
1377 4918 1615 4980 iiiimeii‘ffl'ffi·
1648 4908 1764 4966 Ρῐθῑῦᾱθ

109 5035 183 5094 fi.
198 5035 327 5094 Μὴ
354 5033 484 5091 qnsqqqqg
504 5041 651 5090 mensem
674 5027 832 5086 adversarii,
851 5025 911 5084 pam
962 5012 1121 5072 verisimilia
1135 5017 1217 5073 sunt,
1231 5016 1260 5062 et
1272 5005 1364 5061 diuino
1378 5003 1493 5058 consilio
1514 5016 1625 5072 prorsus
1647 5016 1763 5058 consen·

109 5139 173 5188 aaa·
189 5127 304 5188 hana
318 5142 383 5184 cuer
403 5125 505 5184 diripis
526 5125 647 5182 instituta
667 5121 846 5189 contendunt,
863 5117 912 5176 sed
964 5121 1053 5172 tanea,
1076 5119 1136 5178 qnae
1151 5101 1185 5158 de
1200 5097 1324 5170 martyrii
1346 5093 1464 5168 praemiis
1484 5092 1623 5165 hucusque
1642 5093 1763 5165 disputa-

107 5217 286 5280 ἢ,
308 5220 419 5288 φῆμις,
434 5220 478 5276 peq
500 5233 581 5276 „mm
596 5216 713 5274 poppam
726 5210 915 5286 portuensem}
963 5205 1062 5267 nimus,
1078 5209 1185 5255 cumen
1198 5191 1319 5263 utrisque
1342 5187 1505 5245 sacramenti
1519 5197 1597 5258 pacta
1611 5185 1761 5243 collineare

11 5331 12 5336 ¹
108 5309 352 5386 lacrimntem
378 5327 441 5372 cum
462 5312 516 5368 alia
541 5309 664 5383 eiusdem
689 5307 805 5364 instituti
826 5311 913 5378 parte.
964 5297 1116 5354 rideamus·

105 5404 193 5468 w
203 5411 373 5468 mm
388 5420 443 5479 qu,
456 5408 546 5462 mim„
558 5403 712 5461 dqqpmfflm
731 5401 916 5458 qqpqmqomm
1005 5370 1769 5462 pab-Qnamqnametiamunicumillndltaetenustrae-

106 5502 237 5560 m
264 5497 346 5558 alm
373 5501 461 5573 possit
487 5513 548 5556 usse
575 5495 747 5570 praestantius
768 5511 776 5550 ι
799 5493 864 5565 quin
892 5489 919 5547 id
970 5481 1119 5539 laverimus
1142 5471 1267 5545 baptismi
1289 5467 1452 5526 beneficium
1471 5464 1555 5540 (quod
1579 5464 1660 5519 etiarn
1679 5463 1770 5534 ipsum

13 5643 15 5650 y
105 5591 336 5670 mam
346 5582 920 5664 oepquoqpsqqfflmqemqnemperenm.
971 5553 1772 5647 priuatitutnest)pcccatorumscilicetremissionem,unde

108 5693 173 5762 q,
188 5699 257 5748 fl
272 5683 368 5760 ,pm
380 5693 473 5743 umen
487 5681 719 5741 subordinatione,
745 5676 823 5746 Quod
847 5676 921 5734 enim
973 5667 1055 5725 etiam
1070 5659 1192 5735 sequitur
1218 5654 1379 5728 impunitas,
1402 5658 1431 5706 et
1454 5649 1513 5720 ipsa
1527 5647 1609 5703 etiam
1625 5646 1774 5717 privatina3

110 5777 294 5844 hufflatta
314 5777 427 5853 propios
451 5774 614 5849 attinqit,id
636 5771 795 5835 nummario
816 5769 879 5840 erit,
896 5769 924 5827 in
975 5765 1085 5818 nonest
1107 5764 1197 5812 umen
1210 5748 1315 5808 indeut
1339 5750 1483 5816 propterea
1505 5753 1636 5813 negemus
1656 5740 1702 5810 J'us
1715 5749 1777 5795 esse
