4150 6250
129 280 189 339 uti
706 286 761 346 -ΙΝ
778 285 968 359 eunonium
987 287 1067 345 CAP.
1081 283 1178 344 xltttl.
1733 289 1788 350 650

129 396 187 453 Alii
201 392 354 466 opinentur,
373 394 439 452 illud
459 410 474 452 a
487 398 572 458 verbo
586 399 658 471 findo
669 410 773 472 ortum,
793 407 855 479 quja
876 408 933 462 ten.
945 410 973 470 Α
984 404 1062 469 salu,
1075 417 1107 458 co
1120 397 1270 475 significatu
1282 413 1297 455 a
1311 399 1438 459 Lucretio
1449 401 1521 459 baud
1533 402 1616 461 semel
1629 414 1784 476 usurpatur.

129 486 202 543 dicae
214 502 247 543 cx
263 486 337 545 fissis
347 490 472 546 carnibus
491 491 568 548 tactae
585 486 674 552 eram.
699 495 797 554 Verum
820 500 938 569 ipsemet
988 495 1096 554 dlicubi
1111 497 1184 554 enirn
1199 494 1318 553 cecinit:

130 589 240 646 auctor,
262 581 326 652 quid
341 582 396 638 sint
410 581 526 640 teodtoae
545 583 588 643 bis
607 585 733 644 edisserit
748 589 857 646 uerbis:
873 590 938 659 Qun
1381 589 1454 643 Secia
1466 592 1584 644 letarum.

131 675 241 747 etipse
263 684 324 758 sunt
345 676 409 732 ltiroe
423 677 488 750 (tls.
503 679 566 736 cod.
580 688 608 737 et
627 681 687 737 alise
706 681 772 739 odit.
793 684 867 752 dio,
889 684 938 742 scd
1300 672 1471 740 illimem·
1484 676 1679 743 utilit-¹0⁷&

132 767 294 841 mendose),
309 786 374 839 quar
387 771 468 843 plebis
477 772 560 828 mutio
575 772 621 830 ilia
633 773 702 844 (tls.
716 775 826 832 codices
836 784 864 833 et
877 777 938 848 qui·
990 776 1017 835 ld
1033 787 1087 849 est,
1100 778 1251 839 belluarum
1264 794 1376 852 genera.
1391 780 1425 837 Et
1439 784 1518 854 pusulo
1534 794 1615 856 post:

132 862 201 920 dam
220 862 285 919 editi
301 862 359 931 illu,
374 865 421 921 sctl
433 864 574 938 lugendum
588 866 668 937 billa)
679 868 754 934 tclrt,
765 884 824 923 cant
838 868 937 937 elogui·
1037 893 1101 954 Qui,
1113 896 1233 960 cuiusque
1245 896 1311 947 sient
1323 894 1384 948 sedi
1397 896 1570 961 permultaque
1582 899 1671 950 eodem

131 967 193 1026 tur,
216 975 371 1032 nuncupere.
384 959 447 1018 lllra
466 969 555 1019 autom
574 961 681 1020 aFestc
702 963 747 1035 (aa
765 964 833 1019 pert.
852 962 933 1035 flung)
1036 958 1092 1009 Sint
1102 971 1212 1022 genere,
1224 959 1343 1023 inprimis
1355 960 1604 1022 animalibustndice
1616 970 1710 1014 mente.

133 1055 182 1111 ste
193 1053 335 1111 omnuim:
352 1054 430 1125 ntro,
443 1073 501 1129 quo
511 1058 660 1114 cumeum
672 1058 848 1120 uterorum,
861 1072 939 1129 quo
1438 1023 1504 1088 “in
1514 1036 1579 1076 lm·
1590 1024 1673 1084 ¹⁰⁷⁸l

133 1151 218 1223 preci
230 1150 316 1206 dicam
327 1159 428 1218 νῆστιν,
443 1152 591 1208 intestinum
605 1164 652 1221 ut,
671 1154 740 1227 quod
755 1154 876 1227 jejunum
895 1169 940 1210 ιι.
991 1142 1027 1202 tt
1044 1161 1142 1204 nornen
1161 1145 1226 1204 illud
1246 1146 1347 1219 saepius
1365 1145 1417 1204 bac
1431 1146 1629 1219 significatione
1644 1151 1678 1205 ab
1698 1149 1754 1213 illo.
1771 1159 1799 1208 et

135 1253 223 1299 cunt:
237 1242 387 1299 llacrobius
400 1258 466 1300 uero
479 1245 529 1302 tria
542 1246 668 1302 intestina
688 1260 750 1302 esse
768 1246 860 1312 docet,
873 1260 941 1316 quo
991 1239 1054 1295 aliis
1069 1240 1214 1311 accipitur,
1230 1256 1312 1313 qnam
1335 1250 1365 1297 ut
1383 1240 1411 1298 id
1433 1241 1548 1314 longiori
1571 1243 1731 1314 probatione
1754 1243 1798 1300 in·

136 1352 208 1393 rum
217 1336 332 1408 primum
350 1336 503 1408 dissipium,
517 1337 583 1393 alias
594 1337 744 1410 disseptum
758 1346 938 1408 noncupatur,
992 1333 1096 1406 digeat.

137 1430 299 1501 etagrscis
308 1427 468 1507 idppoeypa:
480 1430 626 1488 secundnm
637 1431 755 1489 medium
767 1433 939 1507 premimus,
1027 1428 1098 1498 Quid
1108 1439 1163 1485 tum
1174 1430 1272 1487 deinde
1281 1440 1376 1488 auctor
1386 1432 1496 1489 noster?
1509 1451 1519 1485 ι
1534 1432 1592 1489 Non
1604 1444 1768 1507 magmenta,
1782 1453 1792 1487 ι

140 1533 175 1581 et
189 1531 294 1580 terttun
307 1540 315 1577 ε
328 1522 397 1589 gued
410 1531 504 1579 uteres
518 1524 602 1579 dirum
612 1533 774 1592 succurrunt,
787 1523 942 1596 habeturque
991 1523 1090 1596 inquit,
1104 1545 1115 1578 ι
1131 1541 1184 1582 ιιοιι
1198 1527 1334 1598 augmina,
1348 1542 1401 1583 non
1414 1527 1488 1583 inille
1500 1529 1605 1599 species
1619 1529 1661 1584 vel
1675 1528 1797 1584 sarcimi-

140 1618 300 1690 proecipantm
324 1614 502 1672 intestinorum
526 1619 650 1683 omnium,
675 1627 699 1674 et
724 1618 773 1673 cili
795 1617 942 1673 retrimenta
992 1634 1075 1688 num,
1100 1620 1142 1676 tel
1165 1621 1304 1677 lltillarum
1327 1640 1337 1674 ι
1356 1622 1477 1692 (droul,
1499 1623 1543 1678 lib.
1567 1638 1614 1691 unt,
1638 1640 1699 1695 ραι.
1719 1620 1796 1696 230).

141 1712 244 1768 dedum
267 1709 408 1784 (listron,
433 1711 478 1767 tit.
503 1727 524 1780 t,
548 1712 576 1767 ln
599 1710 691 1769 Solon.
718 1711 805 1782 scip,
827 1728 885 1785 cap.
913 1710 940 1779 6,
991 1710 1027 1767 Ει
1049 1712 1085 1768 itu
1107 1712 1217 1783 quidem
1240 1713 1266 1768 in
1287 1712 1381 1769 ultima
1401 1714 1530 1780 editione,
1553 1715 1580 1770 in
1602 1716 1710 1771 ceteris
1732 1731 1798 1772 vero

140 1823 205 1879 pap.
219 1805 278 1875 tt).
289 1802 426 1862 Arnobius
440 1806 529 1877 itaque
542 1804 609 1861 elisit
623 1805 742 1862 lendicas
756 1805 866 1862 easdem
880 1818 941 1861 estc
957 1801 1131 1870 Bononibus,
1147 1813 1176 1860 et
1191 1805 1376 1875 titanusoripto
1390 1808 1466 1879 regio
1479 1808 1584 1875 codice,
1598 1807 1714 1863 uelamen
1735 1824 1799 1863 sun·

139 1915 178 1956 ac
198 1900 282 1970 hiras,
295 1916 356 1972 ιιι
376 1900 485 1957 numine
501 1899 608 1971 plebeio
622 1900 787 1958 uocabantur
800 1900 883 1969 btttae,
900 1900 943 1958 ni·
993 1898 1110 1969 prinum,
1124 1899 1164 1953 nel
1177 1898 1323 1969 titiliacum.
1340 1899 1409 1968 Quid
1424 1906 1460 1956 sit
1470 1912 1560 1957 autem
1576 1911 1759 1973 magmentum
1771 1910 1800 1959 et

146 1993 241 2065 bllque
253 1993 326 2050 aliud
340 2002 415 2062 sunt,
429 2009 509 2066 quam
523 1994 677 2051 intestinum
691 1993 826 2066 ieiunum.
993 2004 1180 2064 augmentum,
1197 1994 1240 2049 bis
1254 1994 1343 2050 disces
1359 1993 1489 2051 Varronis
1503 1996 1615 2052 veritis:
1633 2016 1644 2050 ι
1660 1998 1799 2070 Atrgnten·

182 2087 413 2159 anntadmodurn
428 2101 517 2144 antem
540 2087 675 2145 Aroobius
689 2088 809 2145 leudinus
828 2096 856 2145 et
871 2088 944 2146 ltiras
996 2095 1064 2154 tum,
1084 2085 1156 2157 quod
1179 2101 1212 2142 ex
1233 2086 1371 2143 immolato
1393 2087 1480 2143 boetia
1502 2090 1641 2146 desectum
1662 2089 1688 2145 iu
1706 2090 1806 2162 iecore

143 2182 469 2240 samibciisadnibondas
487 2183 944 2255 cssencgat,ilaettOEt-nmnas‚
995 2178 1161 2250 imponendo
1184 2179 1302 2249 attgentll
1324 2195 1416 2235 cttttsu.
1439 2180 1633 2253 Mngtnentunt,
1659 2198 1675 2238 a
1703 2184 1797 2256 ningit,

145 2286 291 2349 quaeunt,
308 2274 428 2347 tinguit,
443 2276 552 2348 ‹prima
574 2277 600 2333 in
620 2277 824 2349 gurgulionibus
843 2280 944 2351 capita,
995 2274 1068 2346 quod
1089 2275 1124 2332 ad
1146 2275 1304 2348 religionem
1324 2277 1411 2346 magis
1433 2278 1559 2346 pertinet.
1583 2277 1675 2348 ltaque
1690 2289 1799 2350 propter

145 2389 202 2446 qua
215 2373 334 2445 dejicere
346 2373 433 2441 cibos,
448 2383 476 2430 et
489 2372 590 2430 relerre
603 2383 697 2429 natura
709 2383 752 2430 est
770 2376 946 2431 ruminatori-
998 2368 1051 2424 boc
1066 2377 1193 2425 montana
1209 2367 1270 2424 bina
1284 2369 1431 2424 constituta
1448 2369 1515 2424 locis
1528 2370 1621 2432 certis.
1637 2385 1692 2440 orm
1707 2369 1733 2426 id
1749 2371 1784 2427 im

145 2467 200 2525 bus
212 2467 327 2525 secutis.
345 2487 356 2521 ι
371 2468 492 2542 (Amol,
506 2469 552 2525 til.
567 2482 615 2531 ιιι,
627 2485 688 2540 pap.
700 2468 779 2543 toti.)
793 2473 828 2525 At
841 2478 949 2527 constat
998 2460 1300 2533 concistorisenci
1324 2477 1358 2518 cc
1384 2460 1457 2532 quud
1481 2463 1561 2533 greci
1582 2464 1676 2537 μὰτιας
1691 2467 1735 2520 καὶ
1748 2464 1800 2539 μά-

145 2574 217 2615 snne
229 2559 265 2615 ibi
279 2559 312 2617 ab
324 2559 450 2631 imperito
460 2559 570 2616 librario
582 2560 757 2630 depravatum
770 2576 832 2618 esse
845 2577 946 2619 nomen
999 2576 1072 2619 nuuc.
1089 2576 1100 2611 ι
1116 2555 1222 2626 (ιίιι,
1236 2556 1281 2612 ιιι.
1299 2572 1326 2612 tr
1343 2557 1375 2612 de
1388 2555 1464 2630 Ling.
1481 2558 1541 2626 lut,
1560 2575 1621 2631 pap.
1635 2558 1696 2629 28).
1711 2558 1798 2627 Quem

149 2651 353 2721 OEruntaus,ac
370 2651 512 2722 legendum
526 2669 624 2710 mmet.
645 2653 697 2711 Ubi
720 2654 792 2709 enim
812 2654 949 2712 Arnobius
1001 2652 1131 2708 inlocum
1145 2650 1656 2725 anitnadtertitScaligermagmentmn
1672 2654 1794 2711 esseda·
1903 2678 1909 2687 «

147 2744 432 2815 ipseeademuomiua
443 2746 591 2819 paulopost
599 2745 862 2820 repetitlilirl,pup.
871 2747 948 2817 idi),
1002 2759 1075 2815 pern,
1097 2760 1159 2816 lpum
1176 2760 1192 2800 a
1215 2745 1323 2800 rusticiu
1336 2744 1416 2812 latito,
1429 2745 1549 2812 Siluano,
1567 2746 1655 2814 blarti,
1670 2747 1729 2804 lovi
1746 2748 1797 2803 bu·

148 2835 188 2893 ibi
209 2837 289 2893 rumis
310 2847 467 2894 cottstauter
487 2838 513 2894 iu
537 2840 721 2911 manuscripto
745 2839 839 2897 codice
862 2841 948 2913 regio,
1002 2839 1067 2911 pali,
1083 2850 1111 2897 et
1123 2839 1185 2896 aliis
1199 2839 1401 2907 prolannbatur.
1417 2838 1565 2897 salutamus
1578 2852 1666 2897 autern
1683 2858 1732 2898 nos
1745 2859 1789 2900 nto

150 2932 331 3002 omnibusque
344 2931 507 2990 editionibus
520 2933 627 3005 legitor.
1003 2942 1053 2990 net
1073 2942 1229 3004 corrttptmn
1250 2948 1311 2990 esse
1335 2932 1463 2989 Varronis
1483 2942 1596 3002 tentum,
1617 2945 1646 2991 et
1665 2953 1697 2993 ex
1720 2946 1809 2995 veteri

188 3025 273 3081 Roma
284 3036 374 3083 autern
385 3024 485 3095 duplici
497 3041 579 3107 sensu
591 3042 605 3081 a
616 3028 698 3083 uariis
710 3027 866 3085 auctoribus
878 3025 949 3083 acci·
1003 3027 1099 3085 codice
1114 3027 1150 3083 ito
1165 3027 1364 3084 emendandum
1379 3044 1387 3084 z
1403 3046 1412 3079 ι
1430 3025 1522 3098 ltaque
1538 3039 1649 3099 propter
1664 3030 1716 3089 Ιιιιι
1729 3049 1806 3106 mug-

151 3119 235 3192 pitnr.
256 3117 324 3176 Nam
338 3138 348 3172 ι
362 3118 487 3186 Rumam,
503 3139 513 3174 ι
530 3129 560 3176 ut
574 3120 612 3176 ait
625 3119 728 3178 Nonius
738 3119 891 3186 blancollus,
907 3117 950 3175 cni
1005 3121 1136 3178 monteria
1152 3136 1220 3177 cana
1235 3121 1381 3178 constituta
1402 3119 1469 3176 locis
1487 3123 1581 3190 certis,
1602 3138 1656 3195 quo
1676 3123 1702 3179 id
1722 3125 1811 3196 impo-

153 3212 250 3281 Varru,
274 3212 380 3278 Festus,
407 3221 435 3270 et
457 3211 562 3269 Plinius
585 3212 792 3284 adstipulantur,
816 3231 827 3266 ι
845 3220 952 3269 ueteres
966 3195 990 3259 C
1006 3224 1141 3272 necetur»
1158 3212 1298 3285 (Salmas,
1317 3215 1448 3271 exercitur.
1474 3215 1501 3270 in
1522 3214 1630 3285 Solm,
1650 3235 1710 3291 pop.
1730 3218 1805 3292 tto).

153 3321 299 3364 mammam
322 3305 459 3363 dixerunt.
481 3324 492 3358 ι
512 3304 599 3373 (Non.
624 3305 757 3373 norell,
778 3307 811 3362 tle
827 3306 951 3377 propriet.
1004 3307 1078 3366 Cana
1092 3323 1157 3365 vero
1171 3308 1363 3378 magmentaria
1379 3316 1454 3377 putat
1470 3323 1532 3365 esse
1548 3311 1665 3366 canistro
1688 3313 1728 3368 uel
1751 3313 1795 3368 lan

154 3417 243 3462 serm„
254 3417 313 3472 cup.
325 3399 361 3463 ις
378 3398 467 3464 i'urr.,
489 3399 533 3454 lib.
547 3400 565 3456 ιι
578 3398 610 3454 de
626 3399 663 3454 lie
675 3409 753 3466 rust,
768 3415 827 3470 cop.
840 3400 854 3456 l
867 3408 891 3454 ιι
901 3400 951 3466 ll,
1004 3416 1063 3469 ces,
1078 3400 1175 3473 nutibus
1188 3409 1340 3473 magmenta
1355 3400 1382 3456 in
1396 3415 1458 3456 aras
1473 3401 1613 3458 iulereruln
1630 3403 1806 3474 imponeban-

155 3491 239 3561 Feat,
260 3494 295 3548 ad
317 3493 384 3548 neri.
410 3492 585 3558 Ruarnntern
607 3490 691 3559 nno,
726 3491 770 3547 lib.
794 3507 828 3548 rr
855 3488 951 3546 Nutur.
1007 3503 1060 3550 tur.
1089 3492 1214 3562 videsis,
1242 3508 1303 3564 que
1328 3494 1363 3548 ab
1390 3492 1535 3561 lumbo.
1558 3505 1583 3551 et
1612 3494 1750 3552 Brissouio
1775 3499 1811 3557 de

155 3589 231 3655 laist..
246 3605 305 3661 cap.
322 3589 367 3658 tt,
382 3605 443 3660 pop.
459 3587 537 3661 tot.)
551 3586 605 3644 Sed
626 3587 653 3642 in
676 3586 754 3642 Plinii
776 3596 849 3643 textu
864 3601 954 3641 rumen
1006 3596 1163 3659 magmento
1177 3587 1305 3643 adnotatu
1320 3595 1384 3642 sunt
1396 3586 1533 3659 (Tarmel,
1553 3589 1598 3644 lib.
1613 3605 1671 3645 xxn
1690 3591 1810 3662 decern,

156 3698 208 3756 pro
228 3699 301 3739 mnu
323 3683 448 3752 legimus.
463 3681 525 3738 etto
539 3689 627 3737 autem
642 3693 724 3736 serrsn
742 3694 827 3745 rure,
842 3693 890 3735 seu
909 3694 955 3732 ru·
1004 3699 1064 3755 cup.
1078 3685 1111 3748 ις
1125 3680 1255 3748 nomon,
1271 3680 1316 3736 td.
1332 3696 1339 3735 ι
1352 3678 1385 3735 de
1398 3678 1500 3749 Form„
1516 3698 1578 3754 pop.
1604 3683 1657 3741 lid
1670 3695 1694 3740 ιι
1711 3686 1809 3766 sequ),

157 3792 219 3832 rnna
239 3785 267 3832 ct
283 3776 364 3832 rumis
384 3774 519 3845 significat
537 3789 633 3830 carum
653 3774 769 3846 gutturis
783 3774 882 3838 locum,
898 3771 956 3828 sire
1041 3773 1096 3831 Pro
1117 3774 1253 3849 corruptis
1275 3771 1383 3829 tandem
1409 3771 1460 3841 bis,
1487 3783 1516 3829 nt
1539 3774 1666 3843 diximus,
1693 3781 1808 3837 Arrtobii

158 3880 190 3929 ut
216 3874 316 3928 ductor
340 3880 435 3928 noster
460 3870 581 3942 loquitur
601 3869 762 3942 purpulmnis
786 3877 875 3940 caput,
901 3880 956 3937 quo
1005 3868 1108 3934 verbis,
1135 3867 1249 3923 uelamen
1273 3866 1439 3937 sanguinum,
1468 3865 1568 3922 ultime
1592 3868 1722 3925 librorum
1748 3872 1812 3944 ojus

158 3974 233 4021 certa
248 3964 370 4038 quedam
383 3961 510 4019 animalia
525 3962 601 4019 cibos
615 3970 744 4018 revocant
761 3968 790 4015 et
807 3958 953 4014 ruminant.
1011 3959 1127 4019 editioni
1142 3957 1287 4030 proiectus
1299 3957 1407 4028 propria
1420 3959 1580 4015 auctoritato
1592 3960 1745 4029 substituit,
1761 3964 1810 4018 uel-

159 4055 227 4113 llinc
240 4041 357 4113 Festus:
374 4074 385 4108 ι
399 4054 504 4111 liumen
517 4063 559 4110 est
572 4068 635 4126 pars
646 4052 720 4120 colli,
731 4067 783 4123 oua
794 4065 856 4106 esca
869 4049 957 4105 deuo·
1009 4054 1184 4127 farciminum,
1199 4049 1269 4106 baud
1281 4049 1362 4105 dubie
1373 4052 1435 4119 utria
1449 4049 1483 4105 de
1496 4049 1530 4105 iis
1543 4051 1623 4119 paulo
1632 4060 1696 4108 ante
1707 4070 1811 4111 memo·

160 4161 246 4218 ratur,
258 4149 330 4206 uode
341 4147 610 4213 rumarcdtcebatnr,
621 4144 692 4218 quod
704 4160 775 4201 nunc
789 4143 926 4199 ruiniuard
944 4159 955 4195 ι
1008 4147 1075 4204 ratis
1091 4144 1238 4202 lrrrobium
1253 4156 1334 4215 agere
1351 4141 1523 4213 opinabatur.
1545 4141 1599 4199 Sed
1621 4154 1725 4212 poterat
1748 4149 1810 4220 qui-

163 4242 280 4316 (Frttut,
295 4242 346 4298 loc.
360 4240 428 4314 cit).
442 4238 553 4298 sertim
566 4253 671 4295 teror«
688 4235 843 4294 Ruminatio
857 4234 958 4292 dictaa
1010 4242 1072 4300 dem
1095 4239 1183 4297 ιιιιιιι
1203 4240 1262 4294 linc
1279 4236 1445 4306 conjectura,
1463 4234 1510 4293 sed
1531 4252 1585 4291 nun
1605 4236 1707 4295 idcirco
1721 4249 1810 4302 textus

162 4351 250 4403 ruma,
270 4335 408 4392 eminente
421 4333 538 4406 gutturis
554 4343 640 4403 parte,
659 4347 708 4404 per
726 4346 806 4403 quarn
825 4330 960 4386 demissus
1012 4347 1065 4394 tarn
1079 4336 1208 4392 surdaster
1219 4330 1357 4388 immutari
1370 4329 1470 4387 debuit.
1485 4328 1598 4398 Quidam
1613 4346 1677 4388 uero
1693 4334 1809 4405 primum

162 4430 239 4488 cibus
266 4444 281 4484 a
305 4428 389 4486 certis
416 4438 558 4485 reuocetur
583 4426 774 4482 animalibus»
799 4423 898 4498 (Sem.
926 4423 961 4479 ad
1012 4427 1078 4485 illud
1100 4428 1211 4485 uerbum
1233 4424 1359 4489 uolumen,
1379 4422 1419 4476 sic
1438 4420 1613 4478 dividendum
1634 4434 1758 4496 censent,
1773 4427 1812 4483 uel

167 4519 262 4596 inpii.
277 4519 371 4593 Eclcp.
391 4520 419 4586 6,
440 4538 500 4593 pap.
522 4518 582 4591 tt).
606 4518 645 4575 lle
663 4518 814 4590 purpulione
828 4532 920 4589 porro,
934 4525 962 4572 et
1012 4540 1098 4586 umet,
1114 4535 1217 4593 nosque
1231 4518 1378 4575 admonent
1392 4516 1457 4573 illud
1472 4516 1508 4573 ibi
1524 4518 1595 4574 idern
1610 4533 1718 4588 sonare,
1730 4530 1811 4594 utqiie

163 4635 249 4683 nmo,
263 4632 312 4674 seu
327 4614 444 4682 mmine,
460 4614 519 4670 bac
532 4611 651 4669 isidorus
664 4613 812 4668 observat:
829 4629 839 4664 t
855 4609 962 4681 Gnrgu·
973 4591 1000 4652 D
1012 4614 1084 4686 apttd
1099 4614 1263 4687 Hesycbium
1279 4607 1346 4674 ritu
1356 4611 1523 4675 πλακοῦντος,
1541 4614 1658 4684 speciem
1675 4616 1811 4685 placenta·

164 4710 203 4767 lio
216 4727 233 4766 a
246 4717 355 4781 gutture
369 4723 468 4764 nomeu
491 4706 585 4772 trabit,
600 4705 677 4777 cujus
698 4716 802 4761 meatus
823 4705 857 4760 ad
880 4717 911 4759 os
934 4711 962 4758 ct
1013 4723 1085 4765 rum.
1109 4705 1161 4764 Sed
1184 4703 1257 4776 quid,
1279 4719 1384 4773 «punse,
1408 4703 1442 4759 ibi
1463 4702 1624 4774 significabit
1643 4707 1812 4780 subsequens

164 4821 247 4866 nares
259 4803 406 4879 pertendit,
423 4803 525 4859 babens
546 4802 628 4865 riam,
651 4816 702 4873 quta
721 4814 774 4855 vox
792 4798 825 4854 ad
843 4798 961 4870 linguam
1014 4815 1115 4858 nonren
1139 4796 1313 4869 suriguimtm?
1336 4792 1406 4862 Quid
1430 4809 1491 4849 cum
1516 4794 1647 4865 placentis
1670 4815 1812 4859 commune

167 4901 369 4966 transmittitur,
382 4908 411 4955 ut
426 4901 511 4970 possit
525 4898 609 4955 ocrim
620 4896 758 4954 collidere.
774 4894 851 4953 Unde
863 4903 891 4951 ct
901 4910 962 4967 gar·
1016 4891 1114 4950 bubetl
1129 4890 1179 4946 Alii
1196 4900 1279 4960 porro
1291 4886 1456 4942 arbitrantur
1470 4902 1555 4953 ιιιιιιι,
1571 4888 1642 4943 idem
1662 4890 1814 4962 siguificare

166 4997 224 5053 rire
235 4996 362 5051 dictutus.
378 4990 482 5047 llttmen
501 4990 653 5061 proximum
673 4987 837 5061 gurgulioni,
857 5003 911 5060 ouo
925 4988 963 5044 ei·
1016 4995 1097 5058 atoue
1118 4991 1266 5048 autentum,
1291 4980 1349 5034 sinc
1372 4977 1470 5044 lurtum,
1493 4989 1521 5034 ot
1545 4980 1688 5037 uiirculmu.
1714 4983 1812 5068 Verum

167 5087 220 5145 bus
237 5095 265 5142 et
285 5085 359 5155 potio
377 5083 531 5140 devoratur.
549 5081 617 5137 ilinc
631 5079 735 5146 bestie,
753 5094 813 5150 que
832 5077 908 5134 cibos
920 5093 963 5133 re·
1017 5076 1163 5134 ostendere
1177 5074 1313 5132 debebant
1331 5068 1396 5142 quid
1416 5087 1500 5140 umen,
1519 5073 1560 5128 uel
1581 5085 1687 5131 tttncnlu
1707 5081 1814 5150 sungui-

167 5188 318 5239 vocaturae
337 5176 508 5244 remandunt,
530 5176 666 5232 ruminare
685 5173 820 5229 dicuntur.
842 5170 962 5243 illoti..
1018 5188 1080 5227 num
1106 5169 1195 5226 lacere
1223 5175 1347 5238 poterunt
1374 5165 1408 5219 ad
1439 5165 1550 5220 Arrtobii
1579 5165 1613 5223 de
1641 5176 1813 5243 coagmentis,

169 5275 217 5331 lib.
236 5290 262 5330 tt
285 5270 372 5345 orig„
393 5287 451 5342 cup.
479 5270 519 5343 l.)
532 5269 651 5325 Rursum
671 5277 760 5324 autem
775 5264 886 5323 Servius
900 5263 963 5319 abbi
1017 5264 1198 5338 augtniuibns,
1220 5269 1248 5316 et
1269 5258 1352 5314 lltillis
1372 5259 1549 5329 propositum.
1572 5261 1660 5318 Setius
1675 5280 1714 5320 est
1734 5266 1816 5338 igitur

169 5370 257 5428 dixit:
271 5387 280 5422 t
295 5365 431 5425 Curculio.
451 5363 538 5424 Varro
558 5364 597 5420 ait
616 5363 668 5420 boo
682 5377 779 5418 nomen
800 5375 847 5431 per
860 5356 966 5415 antisti·
1018 5359 1134 5418 rotunde
1149 5356 1228 5412 soteri
1247 5364 1375 5424 corrupta
1395 5366 1455 5408 ese
1470 5351 1529 5408 boec
1546 5351 1601 5409 dito
1622 5359 1729 5412 nomina
1744 5360 1815 5415 oclu-

170 5463 242 5521 eltou
254 5461 368 5525 dictum,
382 5457 458 5531 quasi
473 5457 606 5530 gurgulio,
618 5455 743 5528 quottiunt
758 5468 827 5524 pune
843 5450 909 5508 nibil
924 5458 965 5506 est
1018 5471 1077 5511 men
1097 5451 1262 5524 sanguinum,
1288 5459 1369 5519 atqtte
1391 5463 1423 5502 cr
1448 5446 1502 5502 alio
1524 5449 1702 5507 emendatiori
1724 5455 1817 5514 codiee

171 5557 225 5617 nisi
237 5564 329 5628 guttur
347 5573 358 5608 ι
376 5553 463 5626 (Seru.
477 5551 512 5606 cd
530 5550 615 5624 l'irp,
631 5551 677 5607 lib.
689 5566 699 5604 ι
712 5548 819 5622 Georp„
833 5565 893 5621 pop.
905 5545 963 5620 te).
1020 5544 1193 5619 querendum
1207 5558 1269 5599 esse
1283 5556 1373 5598 ueram
1388 5542 1507 5598 auctoris
1522 5542 1607 5596 uosni
1620 5544 1769 5604 lectionem.
1787 5550 1816 5609 Si

209 5650 302 5719 Quiris
317 5663 397 5720 porro
410 5661 445 5705 ex
460 5645 540 5702 dictis
558 5644 636 5701 lacile
656 5642 786 5714 intelliget
800 5641 842 5697 bis
856 5639 969 5698 lirnobii
1019 5638 1184 5712 conjecturis
1208 5645 1297 5692 tatureu
1324 5633 1464 5705 indulgere
1489 5632 1594 5704 liceret,
1619 5640 1819 5711 suspicaremur

171 5742 276 5810 verbis,
300 5737 500 5798 ruminatoribus
519 5739 632 5804 suculis,
656 5735 803 5810 significari
825 5750 857 5792 ea
880 5734 969 5791 ercinia
1019 5732 1057 5790 ibi
1079 5732 1208 5802 scriptum
1231 5728 1266 5785 ab
1289 5728 1336 5782 illo
1354 5727 1393 5782 uel
1414 5727 1592 5785 unicorniorum.
1607 5729 1675 5789 Nam
1695 5735 1731 5792 ibi
1746 5737 1817 5796 dicta

171 5836 396 5909 animaliaque
417 5835 563 5891 ruminant.
589 5831 694 5892 Nomen
718 5829 790 5890 enim
816 5827 971 5889 seculare!
1020 5825 1131 5900 repetit,
1152 5838 1184 5880 ac
1203 5820 1283 5895 paulo
1301 5826 1365 5877 onte
1386 5819 1526 5876 sclaomiuu
1546 5821 1660 5884 dixerat,
1683 5827 1735 5886 Sed
1756 5847 1820 5890 scu.

435 5931 574 5994 Parnon.
599 5926 638 5988 V.
1497 5997 1501 6004 ὑ
1526 5913 1560 5982 21
