4150 6250
105 325 144 383 at
695 331 741 395 nu
760 329 955 397 listotttuut
972 330 1210 403 mutuuttcts.
1741 354 1777 412 si

108 444 195 515 reiis,
204 444 302 518 passis
315 445 430 505 luctasse
443 447 561 519 capillis,
574 447 609 509 ad
624 449 733 511 modom
746 450 922 525 Sibyllarum,
938 452 963 517 Α
977 452 1041 511 duro
1054 458 1236 529 suspicionem
1244 461 1350 527 attinet,
1359 463 1590 525 alienissimaerat
1600 476 1667 526 etas
1678 482 1777 541 puero·

108 540 332 615 prophetamus
345 539 402 599 disc
414 541 496 607 aliter
506 543 616 616 duabus
642 545 739 603 lumem
752 544 827 603 illanr
850 559 926 603 mcu-
976 564 1046 617 ιιιιιι,
1061 567 1129 623 quos
1142 554 1268 627 Cypriani
1280 557 1381 614 scenio
1391 561 1568 633 prophetasse
1576 564 1632 634 iam
1647 562 1774 622 vidimus.

110 635 259 695 metricum
273 633 411 707 praedixit.
425 650 487 707 quau
501 636 651 709 inperante
664 637 778 696 Claudio
790 638 921 711 mortain
1012 642 1027 716 i
1043 644 1127 702 ab-
1138 648 1243 706 Fraude
1258 651 1347 722 itaque
1360 654 1533 722 remorantia
1544 664 1634 714 tamen
1646 666 1775 729 suppete-

109 749 170 806 qoa
186 746 282 790 tamen
296 731 476 805 pradieuono
496 734 590 795 moniti
608 734 698 793 statim
714 743 858 807 autequam
885 731 925 791 la·
975 735 1041 793 bant
1061 753 1219 812 argumenta
1247 745 1346 814 onibus
1367 761 1381 799 a
1408 746 1463 804 [leo
1475 757 1586 808 anctore
1614 752 1776 822 produxisse

111 841 177 883 mm
193 826 255 897 ipsa
279 826 432 893 evenisset,
457 826 587 885 subsidiis
599 828 763 899 pecuniariis
781 825 925 883 subuenie-
976 829 1136 898 probaretur
1148 848 1180 890 ea
1195 835 1347 907 prophetia,
1363 838 1488 896 veienim
1512 840 1566 897 alio
1593 842 1667 903 edito
1690 845 1775 902 mira·

113 917 197 981 bant.
212 916 387 977 adeundam
403 918 484 989 plane
497 917 610 975 iorutam
623 934 676 991 qua
686 918 852 993 cyprianum
864 918 924 989 jaan
975 920 1037 978 culo
1051 937 1081 979 se
1094 939 1109 977 a
1124 924 1181 982 lieo
1196 930 1307 983 missum
1332 931 1463 1000 propbeta
1482 932 1677 1001 confirmabat,
1703 935 1776 1006 qnod

6 1022 8 1031 ’
112 1011 242 1069 uidimus
262 1011 447 1083 persecutioni
469 1012 597 1075 similiter
619 1011 755 1083 predicte
776 1013 924 1071 etiamnum
974 1016 1081 1086 signnm
1097 1018 1238 1090 propbetas
1254 1021 1355 1079 veteris
1377 1027 1531 1081 testamenti
1556 1027 1703 1097 scriptores
1727 1043 1778 1100 ap-

113 1103 218 1163 iuturar
228 1112 406 1163 occurentem
421 1103 493 1174 (aa.
507 1120 547 1172 ιι,
559 1104 605 1172 28,
616 1103 663 1171 29,
680 1105 738 1179 50).
749 1104 832 1165 Erant
851 1106 922 1164 eninr
975 1105 1094 1177 petione
1111 1109 1153 1164 rel
1169 1111 1324 1168 intrinsecis
1339 1114 1489 1184 propbetim
1509 1119 1676 1188 argumentis
1689 1134 1705 1174 a
1720 1120 1777 1176 ileo

113 1197 238 1272 publicae
257 1209 287 1255 ιιι
309 1198 455 1269 plurimum
478 1198 646 1257 calamitates
670 1200 870 1271 prophetiarum
885 1201 922 1257 is·
974 1201 1048 1257 illam
1061 1218 1204 1260 emanasse
1219 1205 1362 1275 probabat.
1385 1208 1413 1264 Si
1428 1210 1560 1265 miraculo
1581 1227 1612 1267 se
1633 1227 1777 1270 commen·

6 1344 7 1353 ,
115 1292 250 1349 tinsrnodi
273 1301 473 1363 argumentum.
505 1292 741 1364 rotperronaron
761 1292 923 1366 satunpn·
975 1292 1041 1350 dure
1055 1296 1239 1363 veliet,aiiud
1254 1299 1355 1355 donum
1372 1298 1484 1358 baberet
1496 1317 1608 1361 necesse
1623 1304 1777 1374 erit,onod

114 1383 265 1445 blicarum.
277 1383 333 1441 leta
348 1385 376 1443 S.
394 1384 467 1441 Pauli
480 1385 585 1443 uincula
599 1384 921 1459 predtxttbrannadot.
974 1396 1064 1444 tomen
1076 1404 1130 1445 non
1143 1400 1196 1455 est,
1209 1405 1242 1447 ex
1255 1392 1392 1464 Evangelii
1403 1395 1568 1464 oeconomia,
1579 1399 1776 1454 necessarium.

115 1493 176 1543 nt.
195 1478 247 1543 tu.
272 1478 514 1535 tterndirnnn
528 1478 610 1535 etalii
623 1477 760 1549 discipuli,
774 1481 838 1545 uit
852 1493 922 1550 prm-
974 1477 1184 1537 lntriusecorum
1198 1492 1288 1538 autern
1301 1494 1540 1555 argumentorum,
1567 1504 1628 1559 oure
1648 1504 1682 1546 eo
1708 1505 1778 1562 pras·

6 1608 8 1631 t
116 1571 188 1628 dixit
208 1578 318 1646 ααιῦμα
347 1575 415 1629 κατὰ
439 1573 522 1637 πόλιν,
551 1587 611 1642 sup.
633 1570 753 1639 ami.
780 1572 807 1631 td
829 1580 924 1638 canui
974 1572 1054 1643 cipue
1068 1574 1226 1644 spectabant
1240 1583 1269 1632 nt
1291 1578 1485 1637 revelationem
1511 1581 1584 1637 iliam
1611 1583 1775 1654 probarent,

118 1677 172 1734 ego
198 1664 328 1730 arbitror,
349 1668 518 1741 ανιυματαααι
541 1663 709 1735 singularum
733 1663 921 1733 ecclesiarum,
973 1669 1164 1723 uaturmrires
1178 1683 1325 1740 superare,
1346 1680 1504 1744 naturaque
1530 1675 1644 1743 proinde
1672 1678 1777 1733 auctori

119 1769 228 1824 osaea
248 1755 331 1812 mmm
353 1765 434 1813 aetate
455 1754 603 1813 secundnm
625 1755 748 1813 civitates
772 1754 922 1813 distributas
974 1760 1637 1837 solitribuendam,dnoerantgenera.ielenim
1655 1772 1776 1830 oconitaa

117 1858 193 1907 snat.
221 1848 259 1905 ita
282 1848 400 1921 deniqne
434 1859 632 1919 postremorum
667 1856 817 1920 temporum
852 1863 921 1920 prae·
937 1850 1115 1915 Bbominnm
1128 1858 1305 1928 cogitationes
1316 1858 1505 1929 proferebant,
1531 1862 1577 1918 rel
1592 1862 1681 1918 lutura
1707 1878 1777 1920 eon·
1876 1916 1881 1925 .

118 1941 263 1999 Mune
284 1956 393 1998 errores
416 1941 439 2015 (l
455 1940 534 2009 lint..
550 1938 587 2013 rr)
604 1947 728 2015 εαναῦμα
752 1941 833 2003 euin
848 1941 923 2000 ineu
974 1946 1114 2017 tingendo.
1147 1949 1249 2007 iiorum
1274 1961 1438 2024 utrumque,
1468 1967 1502 2009 ex
1527 1952 1599 2009 iliius
1626 1955 1777 2025 praesertim

121 2034 184 2091 icco
195 2034 232 2091 de
249 2043 431 2093 conventuum
455 2033 595 2120 prophetis
621 2033 754 2105 intelligo,
778 2047 846 2105 quoe
860 2049 921 2093 cum
974 2040 1067 2097 saculi
1081 2041 1233 2116 principiis,
1243 2042 1295 2100 soli
1310 2042 1365 2101 lieo
1379 2045 1528 2115 proprium,
1539 2058 1687 2117 omnesque
1700 2060 1778 2103 crea·

6 2172 7 2175 ,
122 2127 192 2184 dicis
213 2126 594 2203 intemperantium
614 2126 923 2198 nempeinouit,discr·
975 2140 1095 2191 tururum
1111 2133 1184 2190 uires
1209 2136 1363 2206 superabat.
1392 2135 1471 2193 Prius
1498 2135 1641 2206 equidem3
1664 2139 1728 2210 unia
1753 2139 1777 2197 is

127 2220 164 2276 tis
177 2218 237 2275 hec
251 2218 338 2275 uerbis
360 2233 422 2277 esse
444 2219 583 2292 praedicta.
599 2226 698 2289 practer
718 2218 844 2281 usitatum
859 2234 924 2291 pro·
974 2223 1050 2281 solus
1064 2223 1284 2299 καρδιογνώστης,
1299 2243 1389 2286 rorum
1402 2236 1483 2299 atquc
1495 2228 1617 2286 cordium
1631 2238 1776 2300 scrutator,

6 2388 7 2395 ἵ
122 2311 278 2381 pretiorum
291 2326 397 2371 morem
411 2326 473 2382 unm
493 2309 625 2382 criobolis
643 2319 673 2367 nt
687 2311 830 2381 plurimum
842 2312 922 2371 intel-
974 2316 1017 2381 cui
1030 2319 1122 2375 omitia
1137 2328 1200 2376 sunt
1213 2321 1284 2378 nuda
1304 2331 1386 2393 atque
1398 2324 1636 2400 τετραχηλισμένα.
1661 2322 1779 2383 Proinde

6 2452 7 2487 3
123 2404 458 2464 teotodtttiottttntoerant
474 2406 759 2465 involuntarium
774 2407 922 2467 verisimil·
974 2425 1073 2468 arcana
1091 2412 1232 2469 Deinemo
1258 2415 1423 2486 investigare
1449 2425 1555 2488 poterat
1581 2416 1634 2472 nisi
1661 2415 1778 2487 Spiritus

6 2506 10 2541 ἰ
124 2498 219 2559 limum
228 2501 445 2571 estpritatorom
457 2500 547 2557 nullas
558 2510 681 2572 receptat
695 2516 757 2559 esse
767 2500 923 2573 prophetias
976 2504 1025 2562 liei
1047 2503 1070 2575 (l
1095 2503 1168 2573 Con,
1189 2521 1223 2575 n,
1250 2505 1306 2579 ii).
1340 2507 1471 2577 Spiritum
1496 2508 1577 2563 etiam
1598 2506 1776 2563 discretorem

126 2593 510 2665 misopnitiooexamioinoo
520 2597 691 2668 probassent.
701 2596 741 2653 lta
751 2606 826 2654 certe
839 2598 923 2668 inptt·
975 2597 1171 2669 cogitationum
1184 2607 1212 2655 et
1225 2599 1406 2656 intentionum
1422 2598 1514 2658 cordis
1527 2600 1645 2670 appellat
1659 2600 1777 2671 sposto-

127 2687 202 2743 blico
215 2701 315 2745 munus
323 2701 400 2745 sautu
412 2690 569 2747 exercuisse
581 2690 699 2749 ridimnt
713 2690 852 2762 ignatium.
866 2690 923 2747 Pu·
974 2690 1017 2747 ius
1034 2689 1126 2762 (ileu,
1142 2707 1180 2759 rt,
1193 2692 1251 2760 ta).
1272 2691 1323 2762 Qui
1333 2708 1398 2766 ergo
1409 2692 1511 2750 alienas
1522 2694 1700 2765 cogitationes
1711 2708 1776 2766 apc-

126 2777 230 2837 biicom
251 2780 278 2835 in
305 2796 379 2837 mum
401 2782 557 2853 prophetias
570 2798 635 2841 auat
644 2783 764 2841 sambore
779 2783 847 2854 jnssi
861 2792 924 2841 sunt
975 2795 1084 2853 ruerat,
1112 2787 1136 2841 is
1150 2786 1195 2844 nbi
1209 2785 1313 2845 fraudis
1335 2786 1673 2858 omnissuspioiorenrota
1699 2798 1776 2856 erat,

6 2944 7 2955 ἵ
125 2870 248 2943 ejusdem
254 2873 498 2947 saculipropbctc.
513 2876 543 2934 S.
557 2875 922 2948 ioannes,pseudo·sssdras‚
976 2891 1030 2935 non
1045 2877 1100 2933 alio
1112 2891 1193 2948 qnam
1206 2877 1299 2936 diuino
1311 2877 1413 2950 Spiritu
1428 2877 1535 2934 aiiiatns
1548 2878 1718 2936 credebatur.

126 2962 174 3034 qui
192 2963 251 3019 reri
268 2963 404 3035 propbeta
425 2981 567 3036 personum
581 2967 799 3035 iuduereroluit‚
816 2969 923 3027 etfler·
1011 2968 1130 3042 iid—
1143 2969 1238 3027 Fuisse
1250 2980 1341 3029 antem
1354 2972 1425 3027 inter
1436 2973 1625 3044 recuperamur
1644 2971 1774 3029 Ecclesia

6 3062 7 3073 ¹
126 3057 411 3132 nasdyprtanieuan
423 3062 922 3135 temporepoiametinlacieEcclesia
974 3063 1019 3134 qui
1030 3061 1157 3119 suetiam
1170 3073 1262 3119 essent
1276 3063 1348 3120 dono
1363 3063 1484 3137 prediti,
1508 3072 1615 3121 constat
1637 3079 1671 3121 ex
1700 3065 1776 3138 Apo·

6 3141 8 3166 *
126 3151 364 3210 communicabant
376 3166 440 3212 snas
453 3153 582 3212 risiones.
597 3153 735 3214 lisiuoem
750 3154 824 3212 iliam
840 3154 924 3232 ipsius
977 3153 1048 3211 stolo
1060 3169 1070 3212 t
1084 3152 1160 3224 Con,
1182 3171 1241 3223 atr,
1251 3156 1298 3224 ii,
1312 3156 1369 3216 ib:
1388 3175 1398 3210 ι
1417 3158 1446 3214 Si
1460 3166 1562 3225 antem,
1574 3158 1670 3228 inquit,
1682 3173 1778 3216 omnes

6 3237 7 3280 ³
126 3245 258 3303 ioeaiiio
280 3247 409 3302 omnibus
432 3248 583 3305 innotuisse
607 3247 663 3318 jam
689 3247 869 3315 ostendimus.
886 3244 960 3308 utiC
977 3247 1154 3317 prophetent.
1177 3248 1260 3306 intret
1273 3261 1362 3307 autem
1385 3251 1446 3322 quis
1466 3251 1582 3308 inlidelis
1603 3252 1646 3310 rel
1669 3251 1774 3309 idiota:

6 3389 8 3408 ,
125 3339 205 3396 ctiam
219 3338 365 3396 stillasde
379 3340 497 3398 instante
510 3341 707 3410 persecutione.
726 3339 807 3410 idone
821 3355 854 3400 ea
866 3339 922 3410 ipstt
975 3338 1145 3396 conuincitur
1164 3341 1198 3396 ab
1223 3342 1364 3408 omnibus,
1388 3341 1552 3414 diiudicatur
1577 3344 1611 3399 ab
1637 3344 1774 3402 omnibns.

124 3431 407 3490 tisiouummentiouc
421 3448 486 3490 saue
496 3431 698 3503 abruptissima,
710 3433 854 3503 colligitur,
866 3442 922 3494 tttut
975 3429 1087 3488 Occulta
1112 3433 1185 3490 enirn
1210 3434 1301 3491 cordis
1326 3436 1386 3505 ejus
1409 3437 1552 3492 manifesta
1578 3435 1646 3495 [iant
1663 3446 1712 3496 :et
1736 3437 1774 3493 ita

126 3522 217 3580 iobac
231 3523 431 3595 epistolatum
445 3526 471 3581 in
487 3540 530 3598 ep.
548 3541 582 3582 au
601 3525 636 3582 de
649 3526 768 3597 unirique
785 3524 924 3596 presbyte-
975 3522 1076 3582 uadens
1092 3523 1118 3580 itr
1132 3524 1227 3583 facicm
1239 3528 1364 3586 adorabit
1386 3530 1488 3594 Deum,
1511 3530 1687 3599 pronuntians
1701 3528 1776 3600 qnod

125 3615 175 3680 ris,
186 3623 244 3671 tum
256 3616 286 3671 in
300 3630 346 3687 ep.
363 3632 424 3672 nats
440 3616 474 3674 de
490 3617 626 3674 Florentio
646 3617 775 3688 Pttpiano.
791 3619 829 3674 ita
850 3627 924 3674 certe
975 3630 1039 3672 rere
1055 3615 1127 3674 Dens
1143 3618 1170 3674 iu
1193 3619 1269 3676 robis
1288 3626 1334 3678 sit.
1353 3641 1363 3676 ι
1380 3623 1409 3678 in
1433 3622 1484 3678 iroc
1507 3621 1624 3679 inlidciis
1647 3622 1776 3693 exemplo

124 3709 306 3781 perstrinxit,
330 3725 382 3766 neo
410 3712 490 3768 uliam
519 3726 645 3783 umquam
672 3713 775 3778 andriae
802 3713 923 3783 exponit,
974 3717 1079 3770 certum
1091 3723 1149 3768 erat
1161 3713 1227 3769 nibil
1238 3716 1279 3786 agi
1292 3717 1412 3786 potuisse
1425 3731 1458 3772 ca
1472 3716 1610 3783 condicto,
1620 3723 1649 3772 ut
1663 3715 1776 3788 proinde

124 3805 201 3874 qnasi
214 3819 272 3860 rem
292 3817 522 3863 commemoraret
531 3807 585 3877 iarn
601 3805 727 3863 omnibus
740 3806 921 3876 notissimam,
974 3804 1158 3862 certissimum
1171 3816 1263 3874 esset,
1283 3809 1328 3879 oni
1345 3809 1380 3866 ita
1403 3810 1581 3881 cogitationes
1605 3810 1664 3882 cius
1685 3809 1775 3866 mani-

125 3912 239 3970 qnaeqne
251 3897 322 3954 adeo
339 3900 498 3956 narratione
518 3916 571 3955 non
584 3899 726 3970 indigeret.
975 3893 1104 3964 sectaret,
1121 3912 1173 3954 uon
1189 3898 1244 3958 alio
1259 3899 1336 3969 illas,
1347 3918 1427 3972 onam
1441 3903 1531 3960 ditino
1547 3903 1649 3974 Spiritu
1663 3903 1773 3962 allanto

161 3989 439 4062 tan-ooooonn
453 3993 488 4047 ita
502 3991 732 4061 scitaberet,jam
747 3991 924 4063 optimucau·
975 3989 1114 4048 didicisse.
1141 3991 1225 4064 ilttjus
1251 3994 1344 4066 gratiae
1367 3996 1494 4068 frequens
1516 3997 1546 4051 iit
1572 3997 1600 4052 in
1627 3996 1775 4054 saluatoris

129 4088 188 4136 tunt
203 4080 345 4140 ridebatur
354 4099 387 4139 nc
402 4073 449 4154 oui
464 4082 634 4140 ialsariornm
655 4083 710 4140 doli
731 4083 855 4142 lideiibos
871 4084 924 4144 im·
975 4082 1088 4142 historia
1111 4089 1215 4144 mentio
1233 4088 1278 4159 (S.
1304 4089 1383 4158 stoa,
1404 4107 1444 4158 tx,
1463 4092 1492 4158 i,
1511 4092 1547 4158 i;
1562 4106 1613 4158 atr,
1625 4090 1678 4156 253
1694 4090 1772 4156 Luc,

127 4186 274 4246 petierent.
298 4175 419 4250 inprimis
443 4180 516 4234 enim
538 4180 603 4235 nulii
631 4178 666 4234 ad
691 4178 742 4234 boc
764 4193 861 4238 aturrus
875 4179 924 4235 ad·
976 4194 1006 4249 ιι,
1021 4178 1075 4248 223
1088 4196 1126 4247 rt,
1142 4180 1175 4250 83
1190 4198 1228 4249 ιι,
1243 4181 1302 4254 ii),
1318 4197 1402 4256 aquo
1415 4186 1495 4264 χάριν
1508 4186 1565 4240 ivri
1589 4184 1702 4264 χάριτας
1729 4197 1776 4240 au·

126 4268 200 4326 mitti
211 4272 416 4339 potneruntnisi
436 4286 549 4344 quorum
575 4273 677 4342 optima
698 4282 769 4336 essct
789 4272 926 4330 existima·
976 4277 1049 4347 cepit
1057 4276 1188 4333 Ecclesia.
1199 4276 1299 4333 Eadem
1309 4291 1374 4334 usus
1384 4288 1426 4334 est
1436 4279 1463 4332 in
1474 4277 1586 4333 Ananiae
1594 4287 1622 4334 et
1632 4277 1775 4348 Sapphirm

127 4358 177 4425 tio,
193 4360 300 4431 uitaque
321 4361 355 4417 ab
376 4364 449 4419 omni
469 4364 570 4420 irnttdis
588 4367 747 4432 astutiaeque
770 4365 923 4436 suspicione
977 4378 1006 4424 ut
1019 4371 1046 4426 iu
1060 4368 1179 4426 Simonis
1191 4368 1272 4426 etiam
1296 4369 1458 4442 iiagicnnsa
1481 4368 1513 4428 S.
1538 4368 1645 4426 Petrus.
1671 4369 1709 4425 De
1730 4370 1774 4427 Si·

126 4449 302 4508 adiertissima.
316 4452 354 4510 lta
367 4452 466 4511 iactum
480 4466 510 4512 ut
521 4457 673 4528 proplietm,
687 4458 761 4516 omni
773 4458 925 4529 suspicione
976 4478 1058 4521 mona
1070 4463 1106 4519 ita
1124 4466 1162 4524 :i
1182 4461 1276 4545 καρδία
1290 4485 1338 4522 eon
1353 4466 1400 4522 eda
1412 4462 1482 4522 iarn
1499 4466 1582 4521 αὑθαῖα
1599 4466 1705 4520 ἐνώπιον
1727 4469 1776 4522 τοῦ

128 4553 244 4610 motata,
254 4545 290 4602 de
302 4547 361 4617 ejus
373 4547 501 4605 duntaxat
512 4565 574 4607 esse
586 4550 726 4622 prophetin
738 4551 922 4622 jndioandnn.
975 4558 1032 4612 θεοῦ
1046 4554 1128 4627 (det,
1143 4570 1201 4622 rttt,
1219 4556 1275 4627 ii).
1298 4556 1401 4613 Rursus
1414 4561 1475 4620 :teir
1492 4561 1544 4634 γὰρ
1567 4558 1647 4631 χολὴν
1672 4561 1778 4632 πικρίας

128 4630 188 4692 lton
201 4646 293 4692 atatem
304 4636 442 4708 iudicandi
456 4656 565 4706 munos,
580 4650 610 4698 ιιι
628 4657 708 4713 uttam
723 4643 925 4700 accuratissime
936 4640 965 4703 li
977 4652 1021 4705 και
1032 4649 1177 4723 σύνδεσμοι
1187 4648 1287 4713 ἀδικίας
1301 4648 1353 4728 ὁρῶ
1373 4671 1402 4706 αι
1421 4647 1492 4708 ὅντα.
1518 4651 1547 4706 lo
1574 4663 1655 4705 causa
1680 4649 1777 4705 Eiimm

131 4736 317 4798 maur,
331 4733 433 4800 optimu
448 4732 529 4789 etiarn
544 4742 623 4792 oratrt
634 4734 659 4788 in
671 4733 777 4804 publico
789 4734 925 4804 praesidia.
979 4742 1065 4813 magis
1085 4740 1314 4812 branteston
1331 4758 1388 4810 ant,
1404 4742 1431 4810 9,
1447 4740 1503 4813 tul.
1529 4742 1556 4799 is
1583 4743 1654 4799 coint
1680 4742 1777 4813 plenus

128 4815 334 4882 Ademoteuim
350 4823 439 4879 etalii
454 4824 923 4897 propbeta,aderantetpropheta·
979 4834 1026 4906 Sp.
1049 4834 1166 4900 sancto,
1191 4849 1246 4891 non
1271 4834 1336 4890 ilind
1360 4834 1442 4890 modo
1466 4834 1568 4904 Elyma
1582 4833 1697 4899 iactum,
1726 4831 1775 4887 sed

126 4911 374 4988 mmjndteenqnt
387 4916 557 4974 doooetsent
567 4918 738 4976 discernendi
749 4920 865 4991 Spiritus
880 4922 925 4978 in·
980 4928 1102 4985 dolosam
1122 4928 1203 4983 etiam
1234 4925 1352 4983 indolem
1386 4925 1579 4996 reprebendo,
1612 4939 1777 4998 quamquam

131 5007 238 5078 moti.
259 5008 311 5080 ipsi
324 5010 407 5068 ctiam
428 5008 508 5066 tonte
532 5011 710 5080 proculdubio
733 5010 924 5083 integerrimae.
979 5019 1169 5089 antesignati.
1194 5017 1278 5074 Usum
1299 5019 1380 5075 etiam
1407 5016 1523 5074 uidimus
1542 5017 1690 5090 ignatium,
1712 5032 1776 5075 cnm

130 5097 233 5160 noan
253 5102 355 5160 sicum
379 5101 471 5174 aliquo
495 5114 626 5176 pugnaret
640 5119 700 5163 cnm
721 5104 748 5162 id
761 5105 789 5162 in
801 5105 926 5164 contessa
979 5110 1215 5167 schismaticorum
1238 5111 1344 5166 occulta
1369 5108 1483 5166 consilia
1510 5109 1613 5180 primus
1637 5109 1669 5165 in
1687 5109 1776 5168 lucem

133 5203 215 5266 enat,
226 5197 356 5256 eumdem
370 5197 416 5254 iiei
427 5197 556 5269 Spiritum
570 5199 622 5256 sibi
634 5213 758 5258 essenon
773 5213 852 5271 posse
866 5215 929 5258 con·
980 5202 1103 5274 pmtuiit.
1116 5202 1150 5257 Ει
1164 5201 1273 5273 quidem
1293 5203 1387 5258 nescio
1397 5216 1487 5259 annon
1502 5201 1554 5260 boc
1565 5200 1681 5260 sortasse
1695 5201 1777 5259 inerit

132 5285 267 5357 nnana
290 5291 371 5362 piane
392 5292 556 5359 sequebatur
577 5292 633 5363 jam
658 5294 746 5349 locum
761 5308 821 5350 esse
841 5294 929 5364 suspi-
980 5293 1081 5352 donum
1111 5292 1263 5367 διακρίσεως
1288 5298 1440 5371 πνευμάτων
1464 5297 1541 5368 cnjus
1564 5295 1685 5352 meminit
1705 5305 1779 5366 opo-

132 5379 226 5440 non.
242 5379 408 5456 &empnam
431 5388 503 5442 enim
528 5395 632 5444 certum
659 5388 821 5444 eratomuia
844 5385 931 5444 diuini
982 5388 1079 5444 stolus.
1106 5387 1242 5444 dilinibns
1266 5398 1341 5446 certe
1365 5389 1455 5447 verbis
1479 5391 1521 5446 usi
1545 5396 1608 5446 sunt
1632 5389 1779 5462 scriptores

133 5473 255 5547 finitos
266 5473 406 5538 mesta
420 5482 522 5551 pariter
533 5481 693 5546 intortibitinr
708 5481 734 5537 id
747 5490 836 5538 tamen
847 5481 927 5537 etiam
981 5480 1050 5538 tauri
1064 5479 1091 5535 in
1103 5477 1156 5536 boc
1168 5480 1228 5552 ipso
1250 5480 1367 5553 Spiritus
1390 5482 1509 5555 negotio.
1536 5481 1637 5538 Dicitur
1663 5486 1779 5562 αριτααὸα

131 5577 248 5640 mili.
273 5573 362 5644 quttd
390 5574 669 5646 credibililaiis,quae
696 5584 802 5642 uocaui,
817 5578 928 5642 molitu,
982 5573 1157 5647 temptator,
1181 5573 1328 5640 eludia..
1349 5590 1386 5643 lt,
1413 5572 1458 5640 Β,
1481 5575 1652 5648 ἀνακριτικὸς,
1679 5573 1780 5643 le„

132 5661 490 5739 mmamnmenta
505 5682 554 5724 cnr
571 5682 643 5723 uuus
655 5666 813 5725 crederetur
825 5667 931 5726 adlatus
984 5680 1040 5735 ιιι,
1053 5665 1098 5734 it,
1115 5673 1143 5724 et
1155 5680 1221 5724 tero
1241 5666 1357 5740 Spiritus
1381 5682 1431 5739 pro
1455 5666 1538 5723 corde
1559 5665 1780 5739 cogitationibus·

132 5765 215 5828 m
225 5770 275 5818 car
285 5758 504 5842 aliitlttstupruuo
517 5774 577 5818 esse
591 5770 621 5818 ut
631 5762 678 5834 qni
693 5765 783 5820 minus
796 5773 933 5822 essetora·
985 5772 1037 5831 uno
1052 5773 1118 5816 usus
1135 5759 1303 5834 treqoeotior
1317 5767 1361 5820 est
1380 5773 1462 5831 onum
1481 5767 1509 5818 ut
1522 5758 1557 5818 dc
1575 5773 1610 5818 co
1631 5758 1782 5818 monendus

129 5845 478 5924 ffibamadibdiori
489 5853 633 5925 indicetur.
642 5853 807 5926 doudetiam
822 5858 856 5917 ad
864 5857 936 5918 irau-
985 5849 1130 5912 sittector.
