4150 6250
281 368 314 432 91
675 366 913 429 netsrotitntitl
930 366 1015 439 QUAE
1035 368 1082 427 AB
1099 364 1232 429 stxrntt
1250 364 1370 425 Pdeli
1389 364 1575 425 trtmnnr.
1907 366 1946 424 92

281 500 312 557 ln
331 504 420 557 eadem
439 505 546 573 epistola
560 500 593 557 dc
611 502 761 558 Sabessmnts
774 504 915 568 hereticis,
936 508 1017 570 inquit
1025 504 1160 568 Eusebius,
1180 504 1285 569 Hister,
1303 502 1454 571 taurian.
1468 506 1493 569 6,
1513 510 1610 572 utpote
1624 508 1668 572 qui
1680 507 1946 571 tuucliuereltescant,

854 586 950 641 xistum
961 592 1097 642 certiorem
1104 589 1163 641 iacit
1171 590 1211 641 his
1223 590 1315 641 uerbis.

320 724 347 781 5.
360 723 425 780 Νοιιι
439 740 500 781 eunt
515 723 550 781 de
562 723 699 791 doctrina,
722 738 782 795 qum
795 738 882 795 nuper
896 724 966 795 apud
986 724 1080 781 Ptole·
1094 727 1122 789 Α
1168 729 1229 802 Περὶ
1238 728 1289 802 γαρ
1303 732 1348 782 τοῦ
1361 731 1405 780 νῦν
1418 727 1559 787 κινηθέντος
1572 728 1597 781 όν
1610 724 1804 804 τῇοτολιμαίδι
1818 733 1870 786 τῆς
1885 734 1948 779 Πιν-

285 815 401 873 Ιλλθὶίίθθῐλ
425 816 519 873 ttrbent
548 816 726 888 Pentapoleos
744 823 816 872 mota
842 825 900 883 est,
936 816 1018 888 impia
1055 827 1083 872 et
1132 820 1263 881 ταπίὶοονς
1278 818 1417 894 δόγματος,
1432 816 1503 881 ὄντος
1516 819 1628 881 &redosc
1642 823 1686 876 καί
1697 821 1871 894 βλασφημίαν
1885 819 1950 873 πο).-

285 908 365 979 piena
377 908 551 979 blasphemiae
566 908 593 963 iti
605 908 689 964 [leont
702 908 915 979 omnipotentem
934 917 963 965 et
979 920 1082 980 patretn
1132 912 1176 973 λήν
1198 911 1307 984 ἔχοντος
1331 915 1391 989 περὶ
1410 918 1456 968 τοῦ
1479 912 1689 989 παντοκράτορος
1701 917 1766 968 Θεοῦ
1782 914 1832 966 καὶ
1847 909 1952 985 πατρὸς

286 1000 392 1057 bomini
420 1002 506 1057 nostri
531 1000 722 1086 iepttCltristi,
742 1000 821 1073 plena
837 1001 1034 1058 incredulitatis
1057 1010 1085 1059 el
1133 1013 1179 1062 τοῦ
1194 1010 1283 1083 κυρίου
1308 1009 1378 1079 ἡμῶν
1393 1005 1473 1068 Ἰησοῦ
1494 1010 1766 1083 Χριστοῡ,άπιστίαν
1792 1028 1822 1063 τι
1853 1005 1952 1064 πολλὴν

285 1093 406 1166 perfidiae
416 1109 479 1167 erga
489 1095 572 1152 iillum
587 1096 645 1167 ejus
656 1096 822 1167 unigenitum
834 1106 862 1153 et
877 1097 1083 1167 primogenitura
1135 1097 1244 1170 ἔχοντος
1255 1104 1316 1176 περὶ
1327 1106 1372 1155 τοῦ
1388 1106 1538 1175 μονογενοῦς
1551 1099 1644 1161 παιδὸς
1657 1103 1736 1156 αὐτοῦ
1757 1103 1804 1155 καί
1818 1097 1953 1175 προτοτίν·

287 1186 376 1242 omnis
388 1196 521 1242 creaturae
535 1187 651 1244 Verbum
672 1187 808 1244 hontiuem
831 1189 947 1255 laetum,
973 1198 1001 1245 ei
1024 1204 1085 1260 qum
1136 1213 1182 1247 ηον
1195 1194 1283 1253 πάσης
1295 1195 1415 1257 κτίστας,
1429 1200 1474 1250 τοῦ
1488 1195 1731 1269 ἑνανθρονποίσανεος
1744 1194 1839 1267 λόγου,
1852 1194 1954 1248 ἀναισ-

288 1279 405 1351 Spiritus
431 1282 517 1338 saneti
540 1281 627 1339 autert
643 1282 866 1355 intelligentium:
883 1300 943 1340 eunt
962 1284 996 1340 ab
1009 1295 1082 1340 utra·
1137 1285 1228 1344 θησίαν
1248 1283 1276 1340 δὲ
1297 1292 1343 1341 τοῦ
1367 1285 1441 1358 όιγίου
1463 1288 1611 1357 πνεύματος
1623 1300 1630 1315 ·
1644 1286 1763 1340 ίλθόντονν
1787 1284 1957 1359 τάαεόρινθεν

288 1387 340 1443 que
353 1384 430 1443 parte
451 1384 479 1430 et
491 1373 589 1430 litterae
603 1374 637 1431 ud
653 1390 696 1431 me
710 1375 799 1432 allatae
812 1386 921 1443 essent,
941 1386 968 1434 et
988 1377 1086 1434 iratres
1137 1380 1202 1455 πρὸς
1225 1381 1270 1449 ἐμὲ
1293 1382 1336 1433 καί
1357 1380 1408 1455 πρὸ
1430 1379 1600 1454 γραμμάτων,
1625 1381 1739 1432 καὶτῶν
1764 1374 1956 1447 διαλεξομένον

289 1463 464 1534 disceptaturi
476 1467 629 1536 uenissent,
650 1478 779 1540 quantum
797 1468 982 1528 beodenantc
993 1471 1085 1544 potui,
1138 1468 1261 1547 όδιλρόν,
1276 1470 1411 1527 όπίστιιλὰ
1431 1492 1488 1526 τινα
1509 1475 1543 1530 ὡς
1560 1467 1680 1529 ίδυνηθην
1694 1469 1893 1546 παρασχόντος
1907 1472 1955 1521 τοῦ

290 1557 394 1631 planius
407 1559 571 1627 edisserens,
587 1561 717 1632 quasdam
729 1563 823 1634 scripsi
839 1564 1087 1636 interceptarum
1140 1568 1215 1629 θεοῦ,
1229 1560 1474 1639 διδασκαλικώτερον
1494 1564 1685 1637 όρηγοόμινος·
1699 1564 1733 1622 ὡς
1752 1564 1787 1617 τό
1803 1561 1956 1637 ἁντίγροιρα

290 1651 413 1722 exempla
425 1651 458 1708 ad
474 1662 500 1708 to
514 1653 586 1707 mist.
1141 1657 1247 1733 ἔπεμψά
1263 1680 1316 1717 σοι.

472 1807 747 1883 EPISTOLAE
769 1809 811 1885 ΙΙ
833 1810 1080 1887 nlonnslt
1098 1813 1482 1890 Annxannnntt
1507 1812 1756 1889 EPlsooPI

650 1964 697 2020 tu
715 1964 941 2024 eurtuuottctt
961 1967 1052 2024 stxrt
1072 1968 1330 2028 rtesetrenuu
1350 1971 1576 2030 repetituri.

328 2123 460 2196 Egotero
480 2123 669 2181 hereticorum
685 2125 762 2182 libris
777 2122 942 2199 legendisac
965 2127 1128 2197 iraditio-B
1176 2131 1237 2207 Ἐγὼ
1256 2131 1284 2188 δὲ
1303 2136 1418 2194 καὶτοῖς
1442 2135 1609 2209 συντάγμασι
1634 2137 1680 2190 καί
1701 2141 1759 2194 ταῖς
1781 2130 1960 2209 παραδόσισι
2054 2156 2055 2217 ρ

292 2213 372 2273 nibus
382 2214 535 2273 ediscendis
548 2230 660 2288 operam
672 2217 786 2287 dabam,
810 2219 844 2274 nd
868 2218 963 2278 boram
982 2220 1093 2291 quidem
1144 2206 1194 2281 ios
1209 2227 1342 2303 ιιίριταῶν
1357 2228 1492 2299 ίνίπνχον,
1507 2228 1624 2303 χραίνων
1646 2228 1691 2298 μίν
1710 2246 1759 2296 μου
1778 2226 1848 2301 πρός
1872 2225 1960 2296 ὀλίγον

293 2312 469 2369 exsecrandis
484 2314 591 2371 iliorum
605 2316 749 2374 sententiis
761 2315 881 2372 aniinttnt
904 2332 994 2373 lttetttn
1017 2319 1095 2374 enitt-
1146 2324 1193 2379 τήν
1215 2318 1306 2392 ψυχήν
1319 2326 1377 2380 ταῖς
1391 2321 1553 2395 παμμίαροις
1569 2320 1653 2374 αὐτῶν
1672 2319 1843 2388 ἐνθυμάστσιν
1864 2310 1958 2373 ὄνησιν

294 2408 423 2478 quinatis,
450 2406 522 2463 hanc
537 2418 627 2464 tumen
647 2423 680 2465 ex
694 2408 728 2464 iis
753 2408 896 2465 utitiiatem
921 2410 1094 2481 percipiens,
1146 2407 1222 2468 δὀόν
1236 2411 1280 2467 ἀπ’
1290 2414 1372 2466 αὐτῶν
1387 2413 1484 2470 ταύτην
1497 2410 1645 2485 λαμόοίνον,
1657 2410 1686 2464 τό
1700 2410 1843 2483 ἐξελέγχειν
1858 2407 1960 2467 αὐτοὺς

293 2509 324 2557 nl
336 2512 385 2557 eos
398 2499 469 2571 apud
489 2512 533 2557 me
555 2499 722 2569 residerem,
748 2510 776 2557 et
798 2500 883 2574 tnutto
905 2500 1022 2573 antpiitts
1049 2502 1097 2557 de·
1146 2504 1210 2583 παρ’
1225 2504 1341 2578 ἐμαυτῷ,
1351 2507 1396 2558 καί
1410 2503 1474 2558 πολὺ
1488 2504 1562 2559 πλέον
1572 2500 1768 2576 βδελυττισθοιι.
1782 2504 1826 2556 καί
1841 2497 1875 2559 δή
1889 2520 1960 2561 τινος

294 2602 422 2652 testarer.
440 2594 475 2650 El
486 2608 548 2651 otttn
560 2595 643 2651 irater
655 2592 763 2666 quidam
786 2610 820 2652 el
838 2594 933 2651 ordine
957 2594 1098 2667 presbyte·
1148 2594 1255 2671 ἀδελφοῦ
1273 2603 1323 2652 τῶν
1343 2596 1528 2672 πρισΰυτίρων
1548 2616 1579 2667 με
1595 2596 1761 2671 ἀπείργοντος
1774 2595 1819 2648 καί
1840 2590 1959 2649 δεδιττο-

294 2700 388 2744 rerum
398 2702 442 2744 nte
452 2687 614 2755 delet-reret,
626 2702 658 2744 ac
670 2696 812 2745 tereretur
825 2701 859 2744 ne
870 2686 958 2743 eidctn
968 2687 1095 2759 nequitie
1149 2691 1225 2765 pitto
1240 2688 1421 2766 συμρόροσθαι
1436 2685 1484 2760 (nt.
1502 2687 1678 2765 συμφέρεσθαι
1691 2683 1701 2758 )
1713 2693 1750 2761 τῷ
1764 2694 1810 2746 τῆς
1831 2687 1961 2761 πονηρίας

295 2793 376 2837 eoeno
389 2780 602 2847 commiscerer;
627 2780 728 2853 quippe
751 2780 871 2836 animum
891 2794 981 2836 nteunt
1003 2786 1098 2836 cetum·
1149 2784 1221 2856 αὐτῷ
1243 2781 1364 2859 βορθόρρ
1376 2797 1382 2809 ·
1396 2781 1567 2854 λυμανεῖσθαι
1580 2782 1630 2857 γὰρ
1652 2784 1697 2840 τόν
1710 2776 1801 2852 ψυχὴν
1813 2782 1860 2837 τόν
1875 2777 1962 2850 ἐμαυ-

296 2872 429 2929 minatum
444 2872 493 2939 iri,
518 2872 608 2928 aiebat
628 2882 656 2929 et
670 2872 779 2945 quidem
802 2888 878 2941 uere,
902 2881 933 2927 ut
957 2872 1015 2944 tpse
1035 2886 1098 2928 sen·
1149 2878 1207 2933 τοῦ.
1222 2875 1268 2928 ναί
1286 2872 1364 2932 ἀληθῆ
1386 2894 1414 2947 γε
1438 2871 1566 2946 λέγοντος,
1581 2872 1616 2932 ὡς
1639 2871 1773 2943 όσθόμην,
1797 2865 1889 2946 ὅραμα
1910 2870 1962 2923 oei·

296 2963 536 3021 debamtuitieue
559 2962 689 3020 ditittitus
712 2964 794 3020 missa
820 2962 996 3021 eotttlrmatus
1017 2979 1095 3031 suin,
1149 2986 1267 3038 πιμπτον
1288 2964 1429 3041 προσελθὸν
1457 2962 1590 3038 ἐπίρῥυσί
1616 2985 1658 3037 pt.
1674 2965 1718 3019 καί
1740 2962 1813 3035 λόγος
1834 2961 1905 3038 πρός
1927 2981 1960 3033 ps

296 3065 324 3113 ei
337 3070 428 3113 serino
442 3055 476 3112 ad
491 3072 535 3111 nte
551 3055 636 3112 iactus
651 3056 753 3113 diserte
767 3055 834 3112 initii
849 3055 1095 3129 praecepitdicens:
1148 3060 1281 3133 γενόμενος
1296 3057 1440 3136 προσὲτοξι
1455 3053 1593 3132 διαρρήδην
1606 3055 1696 3132 λέγων,
1711 3058 1792 3109 πᾶσιν
1806 3054 1960 3129 ἐντίγχοινι

295 3151 369 3224 Lege
381 3151 470 3207 omnia
484 3165 661 3223 quaecumque
672 3152 698 3207 in
715 3167 810 3208 manus
820 3152 945 3208 venerint
960 3167 967 3205 τ
982 3149 1097 3207 idoneus
1150 3149 1186 3213 οἷς
1213 3147 1242 3207 ἂν
1266 3155 1302 3212 τίς
1326 3158 1420 3229 χεῖρας
1442 3149 1541 3212 λόιθοις.
1561 3148 1697 3204 διευθύνειν
1712 3151 1762 3226 γὰρ
1786 3147 1889 3204 ἕκαστα
1913 3149 1960 3202 καί

296 3245 369 3302 enirn
396 3259 427 3302 es
448 3245 494 3317 titii
520 3245 625 3315 singola
650 3243 770 3317 corrigas
792 3257 823 3300 ac
846 3245 946 3314 probes
961 3263 967 3299 :
982 3252 1009 3299 ei
1034 3243 1098 3299 iiiito
1150 3243 1295 3319 δοκιμάζειν
1316 3244 1402 3305 ἱκανὸς
1417 3238 1519 3299 εἶ.κοιί
1534 3265 1577 3299 σοι
1589 3243 1674 3317 γέγονε
1688 3245 1766 3297 τοῦτο
1781 3241 1901 3317 ἔξαρχῆς
1916 3241 1961 3295 καί

298 3337 346 3394 tiltl
370 3338 486 3408 primunt
514 3335 642 3392 credendi
664 3351 745 3393 consa
761 3336 908 3392 eluctatio
921 3333 1034 3392 exstitit.
1049 3333 1098 3391 Vi·
1150 3347 1196 3399 τῆς
1209 3340 1323 3397 πίστεως
1338 3334 1428 3392 αἴτιον.
1444 3332 1605 3408 άπιδιξάμην
1618 3335 1647 3391 τὸ
1668 3330 1765 3412 ὅραμα,
1782 3334 1816 3394 ὡς
1842 3334 1959 3387 άποστο·

296 3428 482 3488 siottetnbtne
495 3429 652 3501 susceptet
666 3441 727 3501 quse
740 3428 967 3502 apostolicorum
983 3443 1099 3485 consen·
1149 3433 1206 3510 λιτῇ
1221 3439 1288 3508 ροινῇ
1306 3433 1452 3507 συντρίχον
1471 3439 1502 3507 τη·
1522 3430 1633 3506 λεγούσῃ
1655 3430 1720 3506 πρδς
1735 3431 1795 3490 τοὺς
1809 3425 1958 3485 δυνατωτέ-

297 3522 376 3591 lirei,
403 3537 525 3594 quosque
547 3523 645 3594 majori
665 3523 764 3577 virtute
779 3521 907 3591 praeditos
925 3523 961 3576 iia
976 3497 1134 3594 compet-C
1151 3548 1225 3608 ρους,
1239 3526 1336 3599 γίνεσθε
1352 3524 1452 3596 δόκιμοι
1465 3528 1630 3601 τραπεζῖται.

297 3614 362 3672 lanii
377 3632 384 3671 ε
399 3615 488 3671 Estote
497 3616 572 3687 periti
585 3614 725 3671 numularii
740 3613 762 3686 (l
777 3612 868 3681 Titos,
884 3610 1009 3686 existi).

592 3750 701 3815 Deinde,
715 3751 796 3817 iuquit
805 3745 1064 3815 Eusebius,nuunutla
1074 3753 1108 3804 de
1118 3749 1233 3803 omnibus
1242 3751 1383 3803 haerestltus
1394 3748 1557 3800 interlocutus
1565 3747 1655 3800 subdit.

334 3879 410 3939 lianc
422 3897 473 3955 ego
486 3881 607 3955 reputem
627 3891 654 3939 et
668 3877 783 3938 iorntam
795 3897 810 3938 a
821 3881 901 3938 beato
917 3896 983 3953 papa
999 3892 1093 3940 uestro
1181 3883 1277 3939 τούτου
1287 3882 1337 3956 ipsi
1350 3882 1393 3936 τὸν
1403 3882 1499 3936 κανόνα
1510 3883 1555 3935 καί
1565 3879 1608 3935 τόν
1620 3880 1701 3936 τόπον
1713 3878 1787 3954 παρὰ
1799 3881 1847 3934 τοῦ
1865 3897 1956 3950 μακα-

299 3969 412 4032 lieracla
426 3974 529 4048 accepi.
558 3974 612 4032 Eos
634 3975 707 4033 enim
723 3974 769 4048 qui
790 3973 825 4032 ab
840 3974 989 4033 heresibus
1003 3976 1097 4033 veuie·
1149 3979 1206 4054 ρίου
1218 3978 1295 4033 πόπα
1314 3978 1384 4049 ἡμῶν
1398 3973 1510 4053 ‘ripatici
1523 3973 1681 4050 παριλοιόον.
1694 3974 1755 4034 τοὺς
1768 3972 1819 4050 γὰρ
1832 3971 1959 4050 προσιόν·

959 4120 1142 4180 tintonttit
1160 4119 1276 4179 NOTAE.

299 4260 332 4315 de
355 4257 445 4314 iisdem
469 4257 573 4314 dictum
602 4255 753 4329 intelligere
780 4264 822 4314 est
851 4256 885 4314 de
922 4255 1095 4326 Firmiiiano,
1150 4257 1375 4329 hancepistolant
1389 4256 1423 4312 ud
1437 4255 1625 4313 Philemonem
1639 4253 1773 4325 superiori
1787 4251 1953 4324 stJstum

298 4330 413 4397 lieleno,
440 4343 508 4399 qttns
534 4343 549 4383 a
572 4330 761 4384 commuttioue
788 4328 970 4400 segrrpmttos
998 4329 1098 4400 Diony·
1150 4344 1205 4387 nou
1218 4345 1280 4387 esse
1293 4331 1467 4386 anteriorem.
1481 4326 1614 4398 Quocirca
1628 4324 1736 4383 delendi
1752 4324 1845 4396 nequit
1860 4322 1957 4394 opinio

300 4400 549 4460 stusaePltitemon
559 4400 709 4472 presbyteri
719 4415 779 4455 cum
791 4399 1096 4471 steptttnocensetmt.
1151 4401 1277 4464 baronii,
1292 4404 1337 4472 qui
1351 4400 1531 4473 fragmentum
1545 4399 1616 4455 istud
1631 4414 1666 4453 ex
1686 4397 1800 4467 epistota
1820 4394 1871 4452 sub
1891 4394 1953 4451 διο·

867 4473 1019 4528 Cousrtur.
1155 4472 1244 4546 pitatio
1263 4473 1364 4544 scripta
1386 4482 1544 4543 excerptum
1566 4471 1723 4527 arbitratur.
1747 4468 1842 4538 Neque
1865 4476 1957 4522 tamen

338 4541 409 4599 Nutu
432 4559 491 4597 cent
517 4542 548 4596 tie
571 4541 726 4597 doctrine...
746 4541 843 4599 'lotum
858 4542 1102 4614 ltoetmgntouium
1155 4545 1295 4613 premissa
1319 4543 1354 4600 ad
1377 4543 1493 4615 llystum
1518 4543 1655 4615 posterior
1679 4550 1739 4606 est,
1761 4548 1855 4678 utpute
1876 4538 1956 4604 cujus

300 4614 415 4671 Rubrius
431 4613 535 4669 tinentia
556 4612 606 4668 sibi
623 4621 750 4669 consueta
776 4612 859 4668 latiue
883 4614 917 4669 itn
943 4615 1301 4689 conuertitzpliienysius
1323 4617 1351 4672 in
1371 4630 1403 4672 ea
1424 4614 1482 4688 ipsa
1504 4631 1533 4671 n.
1561 4614 1591 4681 θ,
1621 4612 1757 4671 meminit.
1811 4615 1956 4679 ttapropter

305 4685 390 4742 «curn
403 4682 437 4740 de
450 4699 480 4739 ea
493 4684 625 4747 doctrino,
639 4699 700 4755 qum
715 4683 784 4755 apud
798 4683 1101 4742 PtutentuidantPenta-
1153 4696 1297 4757 utramque
1322 4701 1467 4744 censemus
1494 4685 1576 4743 simul
1605 4687 1726 4741 missam.
1763 4681 1819 4738 Nee
1841 4681 1893 4735 alia
1920 4676 1956 4734 de

302 4756 395 4843 potens
409 4756 543 4810 citimum
558 4765 746 4827 cuperetorin
760 4765 813 4820 cst,
831 4755 909 4825 plenu
923 4755 1100 4825 bluspltcmits
1151 4773 1233 4815 causa
1245 4759 1314 4816 itanc
1330 4760 1357 4816 iu
1376 4759 1422 4815 ilia
1438 4768 1677 4815 commemoratam
1692 4754 1889 4815 eristitnautus,
1901 4748 1956 4805 nisi

303 4847 330 4886 ιιι
354 4826 1099 4897 ileumpatretttetbortrinutunostrutnlesuntCltris-
1152 4839 1181 4884 ut
1202 4846 1264 4886 curn
1285 4830 1372 4902 lipsio
1391 4830 1646 4886 communicaretur.
1677 4826 1713 4882 Et
1733 4824 1793 4881 ltaee
1815 4823 1896 4892 igitur
1920 4819 1954 4874 ad

303 4911 377 4966 tum,
406 4913 507 4969 negans
528 4913 591 4954 rere
604 4913 665 4954 esse
684 4914 745 4953 etim
760 4898 843 4953 titium
858 4898 963 4964 Patris,
979 4915 1028 4955 nce
1044 4899 1101 4970 pri·
1152 4902 1266 4973 lipsium
1286 4903 1377 4971 atiquo
1402 4901 1484 4957 modo
1505 4901 1623 4973 pertinet
1638 4916 1646 4954 ι
1663 4899 1777 4969 ideoque
1802 4894 1954 4972 traginenta

303 4970 466 5041 mopenitutu
500 4970 588 5025 omnis
613 4981 756 5036 creatura,
781 4970 906 5026 similiter
934 4980 961 5026 ei
983 4969 1101 5043 Spiritus
1153 4975 1212 5044 eius
1224 4974 1304 5030 nobis
1316 4974 1351 5030 ab
1364 4974 1483 5030 Eusebio
1494 4972 1655 5029 trattsmissa
1667 4969 1711 5025 itic
1726 4966 1955 5044 exhiberenosirt

303 5043 389 5098 saneti
404 5039 530 5097 aulerens
545 5041 728 5098 intellectum:
745 5057 794 5113 pro
816 5041 916 5113 quibus
938 5057 999 5098 cunt
1016 5051 1101 5099 utrae·
1153 5047 1260 5102 uidetur
1272 5045 1399 5103 instituti.
1415 5044 1462 5101 lits
1476 5055 1566 5100 autern
1581 5057 1615 5099 eo
1627 5040 1788 5097 cuttiltcntus
1804 5035 1953 5098 libentius,

304 5130 357 5186 que
372 5122 462 5184 partes
475 5113 721 5181 contemsissem,
735 5123 762 5170 et
777 5113 956 5183 praesentibus
975 5112 1103 5170 iratribus
1155 5117 1225 5189 quod
1240 5118 1274 5174 ed
1286 5119 1464 5189 quaestionem
1481 5115 1515 5171 de
1529 5113 1665 5186 baptismo
1684 5105 1873 5168 illustrandam
1899 5116 1954 5159 nun

304 5202 363 5257 quse
378 5194 511 5241 commotu
531 5183 637 5239 luerunt
662 5185 862 5248 discussissent,
882 5186 963 5239 etium
986 5185 1101 5252 litteris‘,
1155 5205 1251 5263 parum
1265 5187 1418 5245 conterunt.
1440 5187 1600 5244 Censetur.

306 5265 383 5327 prout
397 5255 469 5311 lieris
490 5254 563 5311 dedit
579 5256 702 5324 parvitati
723 5271 808 5320 tutem,
830 5266 988 5325 prosecutus
1000 5271 1061 5311 suut
1076 5265 1104 5312 ct
1193 5260 1280 5318 Εςιηιι
1287 5260 1364 5331 periit
1371 5256 1612 5314 concinnitates
1626 5253 1722 5311 eudem
1735 5249 1845 5318 plurimi
1854 5256 1954 5329 patres,

307 5328 404 5399 scripsi
418 5326 520 5398 singula
534 5342 647 5398 quicque
661 5327 805 5397 diiigenter
816 5341 967 5397 exponens.
982 5329 1101 5396 Quarum
1153 5348 1170 5388 ο
1184 5333 1320 5391 Coteterio
1331 5333 1359 5388 iu
1373 5332 1421 5388 lib.
1436 5346 1455 5387 ιι
1469 5329 1684 5398 (ίοητιίιοροιο,
1694 5318 1958 5385 ο.5θ.οιιιηιηοόίίι·

308 5399 356 5454 tibi
385 5398 549 5468 exemplaria
574 5398 721 5454 trnnuttisi.
740 5417 750 5450 ν
766 5396 918 5455 &eertum
1155 5404 1244 5477 petitia
1257 5404 1384 5468 collecti,
1400 5402 1473 5458 uelut
1486 5400 1586 5456 Christi
1597 5409 1645 5454 uui
1657 5394 1773 5466 apostoli
1784 5393 1904 5449 laudaut.
1928 5387 1956 5442 ln

344 5467 433 5523 Eetsr.
446 5469 477 5523 tl.
490 5499 527 5510 —
540 5467 709 5540 Fragtnentis
725 5471 873 5539 superioris
891 5471 1012 5539 epistolae
1031 5472 1102 5526 istud
1160 5478 1261 5533 posuis
1274 5485 1363 5530 tamen
1375 5489 1424 5530 seu
1436 5473 1589 5545 praeisset
1603 5468 1694 5525 latinis
1702 5459 1956 5543 etetuptaribttsds·

309 5537 442 5596 Eusebius
451 5541 573 5607 proxitnc
586 5539 720 5596 subnectit
735 5541 776 5595 bis
790 5541 896 5595 verbis:
910 5541 944 5596 ln
954 5540 1063 5613 epistola
1072 5541 1108 5597 od
1160 5547 1324 5603 siderautur.
1338 5546 1438 5601 Eorum
1451 5545 1510 5599 ioco
1524 5539 1648 5605 ltttllnus,
1659 5553 1741 5610 quern
1758 5545 1898 5607 propterea
1912 5544 1955 5584 nt·

310 5609 487 5666 Philemonem
498 5609 643 5666 Romanum
660 5611 907 5683 perseuerantior
917 5613 983 5667 inter
990 5629 1032 5667 ⁸1¹⁸
1045 5630 1109 5681 pum
1160 5618 1248 5690 gentis
1261 5617 1433 5674 confidentiae
1446 5616 1533 5682 arguit
1548 5611 1710 5676 coteterius,
1726 5610 1888 5665 substituere
1902 5615 1954 5656 nott

310 5684 342 5737 de
354 5680 478 5751 baptismo
487 5682 587 5750 scripsit
598 5692 634 5737 est
647 5683 729 5748 tertio,
745 5685 771 5739 ίν
780 5692 812 5756 τῇ
825 5685 899 5755 τρίτη
913 5693 962 5740 τῶν
970 5687 1030 5757 πιρί
1040 5685 1110 5756 βαπ-
1162 5689 1303 5746 dubitauit.
1314 5688 1498 5758 Ontnietepite,
1508 5701 1565 5758 pute
1576 5684 1643 5739 θοιιο
1655 5692 1714 5738 suut
1724 5689 1813 5744 uncie,
1821 5670 1955 5755 quomodo

311 5756 451 5826 τίσματος,
464 5749 532 5805 idem
547 5749 686 5825 Dionysius
705 5753 760 5809 θαι
778 5759 866 5824 refert.
886 5743 991 5823 nempe
1012 5771 1108 5810 recen·
1162 5761 1266 5817 seilicet
1276 5760 1438 5816 seruientium
1448 5755 1640 5815 nantillam.
1653 5770 1682 5819 r,
1690 5753 1725 5809 st
1734 5748 1901 5819 Augustinus
1908 5742 1954 5802 lib.

312 5833 389 5879 tetur
414 5823 498 5893 prium
519 5819 552 5876 ud
577 5824 759 5905 Stephanum,
785 5824 903 5884 secunda
928 5825 1053 5897 superior
1076 5824 1111 5882 ad
1162 5831 1195 5890 dc
1207 5830 1272 5889 ilat.
1284 5839 1399 5905 elprae,
1414 5844 1466 5904 cap
1479 5825 1814 5903 camerescensem.

313 5893 448 5965 xystum,
467 5891 526 5951 hmo
544 5897 620 5951 terim
637 5911 644 5948 ι
662 5911 748 5970 eoque
765 5897 860 5955 ordine
881 5905 956 5957 notat
977 5893 1111 5955 Eusebius
