4150 6250
270 208 341 275 1159
867 214 1005 272 tnuoott
1025 212 1210 272 ADVERSUS
1228 214 1365 273 GENTES
1857 221 1928 280 19111

267 346 329 392 rent
351 351 399 392 vos
419 350 495 392 esse:
518 346 648 405 sacraque
667 333 745 389 robis
767 332 941 389 intenderent
958 330 1070 388 honoris
1084 327 1145 405 Asi
1160 329 1237 385 robis
1251 330 1409 403 precipiunt
1422 331 1460 387 dii
1475 344 1567 388 curam
1583 331 1611 387 in
1624 337 1762 401 uestram,
1778 335 1806 393 in
1819 335 1925 393 teletu-

266 444 331 501 ergo
345 427 452 494 lacere,
468 442 521 482 non
535 441 568 482 er
583 426 703 482 materiis
717 425 794 494 aliis,
805 425 916 498 aliisque
930 424 1068 493 derebus,
1121 420 1212 479 dinem
1224 433 1350 491 uertere3
1370 424 1483 496 prandia
1500 423 1579 493 inde,
1594 427 1639 482 rel
1653 442 1748 484 caenas
1760 428 1876 486 solemni
1890 446 1925 488 ex

264 521 314 577 sed
329 519 425 591 quibus
437 519 472 574 ali
488 519 572 574 muris
584 527 626 574 est
638 518 710 586 iliis,
730 528 759 575 et
774 518 887 573 naturali
901 517 1070 588 appositione
1121 530 1198 573 more
1219 516 1374 584 oonsscere,
1398 518 1478 589 longe
1497 517 1623 590 lugiatis,
1638 521 1813 595 execratique
1832 518 1931 581 odoris*

262 610 369 668 fulciri:
392 610 488 667 audire
509 626 523 664 a
547 610 624 666 vobis
644 612 825 682 exposcimus,
849 618 974 666 utrumne
997 609 1069 664 hunc
1119 622 1205 678 genus
1217 610 1324 665 reniam
1340 612 1459 682 poscatis
1474 625 1489 665 a
1504 613 1623 683 superis,
1637 612 1810 686 iacturasque
1823 630 1872 672 ros
1884 617 1925 674 eis

263 705 408 771 honorem,
418 721 452 761 an
464 704 654 762 contumeliam
668 704 756 775 potius
768 717 829 759 esse
839 702 997 772 iudicaretis
1007 716 1067 756 am·
1120 715 1265 771 numquam
1277 702 1341 757 talia
1354 715 1430 758 sacra
1441 702 1548 773 jnretis.
1560 702 1601 759 lta
1615 704 1686 760 istud
1700 720 1754 761 non
1767 705 1861 763 ludere
1869 717 1923 775 est,

262 797 428 869 piissimam:
445 812 507 854 cum
527 796 687 854 hirundines
700 796 779 853 robis
793 809 910 863 muscas,
926 794 1068 851 motacillae
1119 798 1317 865 nonconllteri,
1339 814 1393 855 nou
1410 798 1548 870 pandere,
1568 799 1633 870 quid
1653 800 1689 856 sit
1707 800 1776 856 deus
1796 803 1923 872 nescire,

262 890 403 948 caederent
414 900 659 961 consecrarentque
673 889 846 945 formiculas:
861 904 922 945 aum
936 888 1068 945 altaribus
1118 904 1169 946 nee
1181 891 1224 945 cui
1239 892 1366 961 potentiae
1378 890 1475 947 debeat
1488 890 1605 946 nominis
1620 890 1696 961 hujus
1710 892 1750 948 ris
1761 893 1842 950 subdi
1854 934 1862 961 ,
1876 909 1925 966 ap-

262 984 362 1040 restris
371 983 468 1040 darent
481 983 550 1038 asini
566 983 684 1050 lienum,
700 982 846 1053 nolensque
859 981 988 1037 libarent:
1003 996 1065 1036 cnm
1118 982 1281 1053 pellatioque
1303 983 1439 1054 supponit
1460 981 1535 1039 Cibis
1560 984 1636 1039 noris
1656 983 1815 1040 auctificatis
1837 984 1920 1053 deos,

261 1073 435 1145 imponerent
454 1088 536 1130 canes
551 1086 633 1142 ossa,
648 1083 676 1128 et
695 1073 805 1128 humani
824 1073 954 1129 stercoris
974 1073 1067 1143 proiu·
1118 1073 1258 1130 nidoribus
1277 1073 1460 1131 cohonestatis
1482 1084 1510 1130 et
1530 1074 1638 1131 succis:
1657 1084 1684 1130 et
1702 1076 1761 1146 quia
1781 1076 1861 1133 robis
1871 1078 1923 1148 J'u·

261 1167 332 1223 siem
348 1177 567 1224 concremarent:
580 1183 641 1224 cum
655 1167 688 1223 ad
702 1168 826 1223 ultimum
840 1166 944 1237 porculi
956 1181 1065 1223 coenum
1116 1167 1204 1223 cunda
1222 1177 1251 1225 et
1268 1177 1343 1240 grata
1357 1176 1421 1223 sunt
1439 1183 1491 1237 ea,
1507 1182 1567 1240 quae
1583 1182 1632 1223 tos
1645 1167 1736 1236 alunt,
1750 1168 1815 1225 deos
1829 1170 1919 1226 etiam

259 1263 337 1318 robis
351 1262 546 1333 profunderent
558 1277 594 1317 ert
609 1260 757 1317 volutabris
771 1258 954 1326 horrentibus,
969 1257 1066 1315 lutosis
1116 1259 1226 1316 creditis
1241 1260 1267 1315 in
1282 1275 1377 1317 eorum
1393 1259 1504 1317 allluere
1519 1258 1690 1331 voluptates,
1713 1260 1864 1315 latratamm
1886 1270 1921 1319 et

258 1365 286 1411 et
299 1355 472 1426 uoraginibus
484 1356 640 1427 sumptum?
652 1352 690 1409 lta
704 1368 769 1425 ergo
783 1369 838 1411 uon
849 1352 945 1429 despui
961 1359 1065 1407 uestras
1116 1366 1213 1408 cauum
1228 1352 1280 1407 ritu
1292 1353 1362 1409 ossis
1374 1353 1492 1409 saevitias
1504 1365 1618 1423 ponere,
1631 1362 1713 1422 atque
1725 1351 1843 1411 alludere
1854 1368 1921 1424 par·

258 1450 496 1506 inflammaremini
510 1449 665 1519 dignitates,
680 1448 900 1518 stercoribusque
915 1463 963 1502 vos
976 1445 1064 1515 accipi
1116 1448 1265 1520 rigentibus
1279 1448 1400 1519 saepius?

256 1544 330 1601 inter
351 1554 458 1600 atroces
479 1543 674 1615 computaretis
694 1542 827 1612 injuriosi
847 1540 900 1597 Sed
920 1548 1062 1595 murorum
1150 1539 1298 1597 11111111
1318 1540 1445 1612 quoniam
1466 1540 1545 1597 nohis
1563 1540 1591 1595 in
1609 1539 1735 1596 manibus
1758 1539 1911 1596 hostiarum

256 1637 418 1708 corporibus
437 1636 577 1693 honoratis
590 1650 639 1691 ros
650 1634 735 1700 deos,
758 1643 785 1689 et
804 1633 918 1689 aliorum
939 1633 1064 1689 animan·
1115 1648 1205 1690 sermo
1220 1641 1363 1689 versatur:
1380 1648 1440 1704 qum
1454 1647 1545 1699 causa,
1569 1647 1630 1703 qua
1645 1633 1716 1687 ratio
1729 1643 1792 1699 est,
1813 1642 1918 1688 tticum

255 1731 323 1786 tium
347 1730 480 1787 caedibus:
503 1728 608 1799 etquid
629 1729 681 1783 boe
702 1728 736 1783 ab
756 1728 803 1784 illo
822 1727 928 1795 diliert,
950 1741 1012 1783 eum
1032 1736 1060 1783 et
1075 1728 1151 1798 Bdii
1166 1727 1353 1794 immortales,
1369 1728 1422 1783 siut
1435 1726 1507 1783 enim
1520 1734 1548 1783 et
1564 1740 1614 1797 per
1626 1740 1677 1781 uos
1692 1726 1776 1794 licet,
1790 1726 1915 1798 quicum·

255 1822 315 1894 ipsa
330 1823 353 1878 si
368 1820 504 1887 nondum,
520 1835 582 1877 mox
595 1829 686 1876 tamen
702 1819 789 1875 lutura
804 1827 867 1874 sunt
881 1830 1020 1888 stercora,
1036 1828 1064 1875 et
1115 1835 1168 1892 que
1178 1835 1240 1876 esse
1250 1818 1413 1884 creduntur,
1435 1819 1492 1875 sint
1505 1818 1586 1874 unius
1600 1818 1763 1886 sententiae,
1778 1819 1822 1873 rel
1835 1818 1918 1874 unius

258 1914 348 1986 exigui
370 1917 502 1985 temporis
524 1922 664 1970 contracta
692 1912 882 1981 interiectione
902 1914 1065 1984 putescant?
1117 1912 1234 1969 debeant
1252 1926 1314 1969 esse
1334 1921 1459 1977 natura,
1482 1911 1609 1983 generis,
1624 1921 1652 1966 et
1667 1910 1805 1982 qualitatis
1818 1910 1918 1978 nnius,

254 2007 377 2077 lienique
388 2005 505 2062 desinite
519 2020 673 2076 supponere
685 2007 740 2061 aris
753 2004 859 2076 ignem,
870 2004 925 2076 jam
941 2003 1063 2076 prolecto
1115 2019 1170 2061 non
1184 2004 1312 2062 omnibus
1331 2018 1427 2061 ontnes
1442 2001 1557 2070 ltostiis,
1575 2003 1623 2059 sed
1634 2002 1795 2074 quibusdam
1808 2003 1916 2074 quidam

254 2098 375 2155 cernetis
388 2099 493 2155 viscera
507 2097 552 2153 illa
567 2109 705 2154 taurorum
718 2112 810 2164 sacra,
826 2098 924 2169 quibus
945 2097 1032 2154 ltonor
1046 2113 1061 2153 a
1114 2114 1253 2156 sacrorum
1268 2099 1438 2155 mulceretur
1450 2098 1574 2168 legibus³
1583 2097 1595 2153 i
1604 2096 1670 2166 Qua
1682 2107 1725 2153 est
1738 2096 1812 2152 enim
1822 2112 1916 2163 causa,

252 2193 331 2248 robis
350 2191 520 2247 auctificatur
540 2191 670 2258 deornm,
692 2191 846 2248 fervescere
868 2190 1007 2247 rertnibus
1031 2200 1060 2249 et
1113 2191 1262 2263 requiram,
1278 2198 1307 2245 ut
1317 2189 1412 2247 eadem
1423 2203 1519 2245 rursus
1532 2199 1564 2244 ut
1578 2190 1625 2245 ille
1637 2190 1722 2243 tauris
1736 2188 1816 2254 deus,
1832 2188 1919 2246 haedis

251 2282 403 2347 tluctuare,
419 2282 516 2338 vitiare
530 2291 557 2338 et
572 2296 748 2352 corrumpere
762 2291 864 2339 statum
880 2282 960 2353 coeli,
977 2293 1004 2339 et
1024 2297 1059 2338 ex
1112 2284 1181 2341 alius
1192 2284 1353 2349 honoretur,
1368 2292 1414 2338 aut
1425 2282 1520 2338 ovibus
1533 2298 1540 2336 :
1553 2280 1596 2336 hic
1610 2279 1771 2336 lactentibus
1783 2281 1915 2352 porculis,

252 2374 383 2433 odoribus
396 2374 527 2432 morbidis
540 2374 666 2447 regiones
678 2376 855 2431 consauciare
866 2375 985 2431 uicinas:
998 2390 1058 2446 quaa
1111 2377 1180 2433 alter
1201 2378 1317 2434 intonsis
1333 2376 1411 2448 agnis
1426 2394 1432 2429 :
1446 2375 1491 2432 ltic
1505 2374 1655 2446 virginibus
1674 2375 1780 2432 buculis
1792 2417 1801 2444 ,
1824 2376 1916 2448 capris

881 2466 1076 2525 LECTIONES
1091 2467 1302 2525 tentantes,

283 2561 493 2623 ·Etegtbusnn.
857 2621 859 2625 ἲ

933 2646 1211 2708 connectamus.

249 2740 252 2747 ’
288 2742 421 2813 Sacraque
431 2742 500 2798 nodis
522 2741 681 2797 intenderent
694 2741 798 2798 lunaria
813 2757 873 2811 erqo
893 2742 987 2812 [acere.
1006 2742 1053 2800 Sin
1108 2743 1198 2869 §m
1214 2743 1232 2797 i.
1249 2757 1275 2813 q.
1294 2741 1529 2813 augere,rerbum
1542 2741 1683 2811 antiquum
1697 2750 1725 2795 et
1748 2741 1909 2798 obsoletum.

251 2814 585 2869 emendaritacutissimus
599 2811 761 2868 Guilielmus
774 2812 1051 2881 (interumpuntur.
1134 2814 1213 2869 nnius
1223 2813 1395 2869 Andromeda
1405 2831 1411 2865 :
1423 2811 1493 2879 Qrtid
1502 2812 1550 2866 sit?
1559 2811 1658 2868 Seditia
1667 2811 1808 2878 toletanae
1820 2830 1911 2868 neme·

250 2886 278 2940 in
293 2883 403 2941 Curcnl.
420 2900 515 2953 capr.
530 2885 556 2939 irt
571 2881 834 2951 Latapadthuteri,
850 2892 916 2939 tom.
933 2894 1054 2955 rtt,parte
1068 2900 1090 2962 C
1106 2902 1150 2940 ras
1163 2885 1287 2957 uuqtpuu
1299 2884 1378 2939 suas?
1400 2884 1432 2939 Et
1444 2884 1579 2953 auctificat
1594 2883 1664 2952 apud
1677 2882 1910 2950 Lttcret.,tt,iiil:

249 2972 279 3017 n.
310 2972 370 3026 pag.
395 2955 471 3027 3111),
489 2956 644 3011 lectionem
659 2963 778 3011 veterem
802 2956 1053 3024 corruptissimam:

251 3027 384 3097 Sacraque
398 3027 467 3081 nobit
480 3028 641 3082 intenderent
651 3025 825 3097 honoreserqo
833 3029 955 3095 [acuent.
965 3025 1055 3082 Hono·

250 3099 311 3160 reis,
328 3098 414 3169 iuquit
428 3096 484 3165 ille,
499 3097 636 3152 hrnobius
651 3095 695 3151 ltie
710 3110 817 3167 qunque
842 3097 989 3166 scripserat
1011 3099 1056 3170 gi·

250 3168 352 3239 gnendi
362 3184 437 3234 casu,
452 3170 522 3239 quod
540 3168 688 3223 inscientes
700 3168 803 3223 librarii
818 3170 963 3224 accusandi
976 3185 1055 3228 acee-

269 3248 359 3306 erunt,
382 3239 498 3311 ideaque
513 3242 701 3302 immutarunt,
717 3241 931 3296 utconuenirent
944 3250 1052 3300 catera.

247 3255 323 3366 finit
336 3311 461 3367 usitatius
473 3313 522 3365 ltac
532 3309 663 3365 lortnuia:
678 3311 784 3365 larnaria
798 3328 858 3382 erpo
869 3326 943 3364 sacru
958 3313 1054 3382 sacae,

250 3399 305 3438 non
320 3383 401 3438 item:
415 3399 488 3436 aaran
500 3383 639 3443 intendere,
651 3381 761 3436 bonores
776 3383 870 3451 facere,
883 3396 942 3451 quau
955 3399 989 3438 tte
1002 3386 1055 3440 lta·

251 3454 439 3525 tirtaquidem.
464 3452 531 3509 Cato
545 3453 570 3506 in
588 3451 669 3506 Libro
691 3452 725 3507 de
752 3452 792 3509 tte
816 3462 881 3509 rust.
910 3451 978 3507 lano
1001 3457 1055 3527 ait:

250 3523 379 3588 Eiaculent
393 3528 429 3579 rei
439 3541 499 3596 erqo
519 3531 599 3577 arrunte
609 3523 667 3579 cino
678 3524 772 3595 inferio
786 3534 848 3586 erto:
864 3535 890 3580 et
903 3534 994 3580 nosbet·
1012 3529 1056 3583 itt-

250 3595 292 3652 lra
306 3597 361 3651 ait:
378 3595 492 3650 lionoris
506 3612 566 3666 erpo
581 3593 628 3648 Dia
638 3595 723 3648 citrum
739 3597 811 3651 dare.
823 3595 968 3651 Sreweou.

288 3667 411 3794 Natnrgli
425 3667 594 3738 oppositione.
606 3665 683 3721 intr.
698 3665 828 3723 Ursinus:
845 3667 957 3722 traturuli
973 3685 1057 3741 appe·

254 3738 354 3795 titione.
395 3755 473 3794 nunt.

287 3831 431 3888 caderent.
443 3831 480 3886 lta
491 3829 534 3886 ed.
552 3830 709 3900 hugridai.
727 3829 1006 3888 Geleniustaedercnt.
1022 3835 1054 3890 0.

290 3901 353 3957 Cum
373 3901 494 3957 altaribus
508 3903 597 3956 nestris
612 3901 702 3955 tinuerit
716 3902 783 3956 asini
803 3905 899 3971 soerrnrn
922 3905 1058 3977 paleasque

254 3974 374 4029 libarent.
385 3973 526 4044 Proprium
535 3974 671 4028 asinorum
682 3972 818 4039 pabulum.
830 3974 906 4029 Unde
917 3975 1057 4032 Philemon

253 4045 282 4101 in
295 4045 436 4115 Etcerplis
449 4044 587 4099 Atltettaei:
602 4042 658 4106 ὄνος
671 4042 784 4115 βαδίζεις
806 4048 841 4106 εἰς
854 4043 947 4122 ἄχυρα
959 4070 1010 4124 spa
1046 4080 1058 4090 ·

254 4119 352 4189 μάτων,
368 4116 402 4171 de
430 4116 553 4177 lurcone,
574 4115 619 4186 qui
641 4131 693 4170 nun
709 4118 795 4185 magis
820 4119 979 4174 uerberibus
992 4073 1057 4175 uig-

253 4190 351 4243 terreri
368 4196 494 4254 potesta
521 4186 653 4251 bellariis,
678 4201 757 4254 quam
777 4186 870 4241 asinus
895 4203 909 4242 a
937 4190 1059 4258 paleiset

1154 2975 1208 3026 lr'ec
1220 2988 1293 3038 porro
1302 2988 1387 3024 rerum
1397 2973 1522 3037 genitales
1533 2972 1689 3036 aucttdetque

1155 3038 1236 3087 nauus
1247 3044 1370 3101 perpetuo
1382 3042 1592 3099 praesuntserrare
1601 3045 1694 3086 creata.
1707 3035 1912 3101 uuumpast.

1145 3125 1210 3192 Qttre
1223 3125 1324 3178 sinaiis
1339 3121 1489 3192 praecipiunt
1509 3124 1546 3176 dii
1568 3139 1659 3176 rurant
1684 3124 1712 3176 in
1738 3134 1856 3190 cestram,
1882 3128 1909 3178 iu

1107 3195 1280 3250 ualetudinem
1310 3205 1414 3249 aerim.
1446 3194 1509 3250 llaec
1535 3200 1577 3250 est
1603 3194 1758 3249 emendatio
1786 3194 1910 3252 salmasii

1108 3266 1227 3336 egregia,
1240 3275 1267 3320 et
1282 3275 1311 3320 ut
1320 3266 1384 3319 mibi
1396 3265 1504 3336 quidem
1512 3264 1705 3320 rideturunice
1714 3280 1786 3321 rara.
1794 3266 1909 3338 Antiqua

1110 3335 1194 3392 lectio
1204 3346 1262 3392 est:
1276 3353 1353 3407 quarn
1366 3337 1388 3390 ai
1402 3336 1471 3391 uobis
1481 3337 1631 3405 proedpiant
1642 3337 1678 3390 dii
1692 3353 1791 3402 carata,
1802 3347 1911 3393 nmirum

1107 3407 1315 3462 invaletudinem
1328 3406 1527 3473 uerterasedr.
1541 3423 1630 3461 carnut
1649 3409 1674 3463 in
1695 3407 1910 3478 praecedentibus

1110 3476 1267 3544 nonhabet,
1280 3478 1313 3532 ad
1329 3478 1400 3548 quod
1415 3476 1565 3533 rclcratnr:
1579 3479 1679 3547 optimc
1689 3488 1781 3532 contra
1796 3495 1863 3548 quoe,
1881 3481 1909 3535 iul

1108 3556 1161 3612 est,
1175 3554 1277 3604 viscera
1290 3549 1334 3603 illa
1343 3549 1444 3604 vitiata.
1456 3548 1532 3615 Pttlr,
1552 3547 1911 3618 llrsiturscorrigitzqtranari

1108 3619 1181 3673 nobis
1196 3621 1349 3689 precipiunt
1371 3622 1408 3674 dii
1421 3622 1550 3675 cttltttrant
1576 3630 1684 3675 cestram
1706 3621 1732 3675 in
1752 3621 1911 3692 voluptutem

1108 3701 1205 3745 uertere
1215 3707 1225 3745 .·
1236 3691 1376 3758 audacius,
1392 3705 1471 3762 qnam
1488 3691 1588 3747 terius.
1604 3692 1710 3746 vnete.

1146 3761 1289 3817 Nidoribns
1303 3763 1475 3817 soltertertatir
1484 3773 1508 3816 et
1519 3762 1609 3817 rttccis.
1618 3761 1762 3826 lleursius,
1774 3778 1835 3834 pag.
1843 3763 1909 3830 ios,

1108 3832 1253 3902 legendum
1271 3834 1437 3903 suspicatur:
1452 3833 1586 3888 nidoribus
1598 3836 1770 3888 cohonestatis
1781 3843 1805 3888 et
1818 3836 1907 3904 rueris,

1108 3918 1169 3958 eunt
1191 3916 1269 3960 antea
1291 3905 1389 3960 dixerit
1409 3903 1545 3960 hruohius
1557 3922 1564 3958 t
1578 3913 1623 3958 nat
1642 3906 1739 3958 esuris
1761 3904 1909 3959 ardentibus

1108 3984 1266 4030 consectatur
1276 3984 1299 4030 et
1310 3977 1403 4044 [uirtus.
1421 3980 1455 4030 nt
1471 3977 1507 4030 nii
1521 3974 1687 4030 mutandum.
1703 3976 1847 4032 Succisum
1860 3990 1908 4030 ra-

1109 4060 1188 4114 pares
1200 4048 1322 4101 carutium
1334 4056 1475 4101 testarum.
1491 4048 1593 4101 unctu.

1145 4115 1185 4170 Ea
1199 4133 1309 4183 qnoeuor
1325 4118 1407 4171 alunt.
1433 4116 1471 4172 lta
1486 4118 1618 4173 lleursius
1632 4126 1660 4171 et
1674 4117 1765 4186 reliqui
1782 4133 1844 4172 etum
1862 4135 1909 4172 sc·

1108 4188 1173 4242 culi.
1187 4185 1273 4244 Antea
1288 4188 1433 4244 edebatur:
1449 4205 1529 4256 eoque
1546 4205 1590 4243 not
1613 4190 1695 4253 alant,
1719 4189 1792 4258 quud
1807 4192 1908 4245 retinui

253 4267 342 4326 pastu.
359 4258 425 4313 Nam
449 4256 619 4324 prouerbium
635 4266 694 4312 urat
717 4260 787 4327 apud
807 4256 931 4315 Graecos:
953 4257 1055 4327 ὅνοςιὶς
1068 4290 1096 4350 D
1108 4260 1191 4314 etiam
1209 4259 1397 4321 Obertltt'tritts.
1414 4261 1494 4315 tnale.
1510 4260 1613 4315 Oneto-

253 4331 396 4405 ἀχυρῶνας
411 4328 520 4405 ἀπέδρα.
538 4328 659 4383 ΗΕιιιιιι.

289 4399 499 4468 stercoribusque
512 4415 555 4452 oar
568 4400 650 4468 accipi
672 4398 737 4453 inter
754 4409 854 4457 atroces
873 4406 1054 4470 cottrpttturetis

252 4469 372 4536 iniuriat.
385 4469 533 4524 iuriscons.
556 4470 574 4523 1.
591 4470 617 4524 1.
630 4469 731 4540 Digest.
750 4471 783 4526 tle
808 4474 944 4527 extraord.
961 4476 1051 4529 crim:

253 4539 300 4594 Fit
310 4541 406 4609 injuria
418 4550 507 4594 contra
519 4540 597 4594 donor
610 4556 703 4604 utores,
717 4542 805 4605 aelati,
821 4546 843 4598 ri
854 4544 912 4613 quir
922 4546 983 4611 finio
995 4562 1052 4601 cor-

253 4621 330 4681 rupto
344 4611 454 4680 aliquem
476 4611 627 4682 perfuderit.
644 4610 721 4666 Adde
741 4612 759 4669 1.
770 4629 859 4679 xxvtr,
874 4613 888 4686 ἦ
902 4616 946 4670 li.
972 4615 1002 4670 tt.
1017 4618 1051 4673 ad

253 4683 306 4751 leg.
322 4682 412 4750 Aquil.
429 4681 473 4738 Sic
488 4681 577 4752 populi
591 4681 716 4748 Rotnani,
743 4683 873 4750 legatosa
897 4684 1053 4745 Tarentinis

252 4754 320 4810 lotio
331 4768 471 4823 respersus
480 4771 526 4825 per
539 4752 911 4826 ohscotunncturpenrquedictn
922 4768 1053 4814 containe-

254 4824 317 4879 liaat
331 4824 397 4879 dicit
413 4824 514 4878 Florus.
529 4825 617 4894 Atque
632 4825 690 4880 ltac
697 4829 859 4883 contumelia
868 4830 946 4884 malis
959 4830 1055 4902 ingen·

255 4896 327 4951 tihus
343 4905 435 4966 postea
454 4895 504 4950 luit
517 4896 634 4967 expiata.
648 4897 776 4952 liantdern
787 4899 897 4954 Acitalei
911 4900 985 4965 belli,
999 4917 1053 4970 quo

255 4967 320 5021 urbs
336 4966 503 5022 nobilissima
528 4977 557 5022 ct
576 4968 766 5022 llurentissima
789 4968 936 5025 Corinthus
957 4987 1053 5028 eversa

254 5047 307 5102 est,
323 5052 431 5092 causum
444 5037 526 5093 luisse
540 5038 634 5092 snt-ibit
647 5038 755 5094 Strabo.
769 5039 889 5095 Hennae.
904 5039 984 5096 Curti.
1001 5042 1053 5098 Va·

254 5109 305 5162 ier.
324 5107 406 5176 llum,
424 5108 470 5164 tib.
488 5124 517 5174 tt,
530 5123 589 5178 cap.
603 5107 640 5175 h;
658 5109 759 5174 Livius,
772 5110 818 5165 lib.
841 5127 895 5172 nrt:
910 5111 1053 5185 Dionysius

256 5179 405 5242 halicarn,
417 5180 444 5233 in
464 5190 584 5248 excerpt.
598 5179 632 5234 de
645 5180 751 5250 Legat,
767 5195 794 5250 p.
811 5181 858 5236 bl.
872 5182 995 5239 Enitenu.
1014 5184 1054 5243 lle

255 5252 341 5305 uerbo
354 5251 469 5321 accipere
483 5251 544 5305 ride
559 5265 639 5320 supra
654 5252 687 5305 ad
705 5251 749 5306 lib.
770 5267 810 5315 tn,
833 5268 893 5323 cap.
920 5254 965 5321 15,
980 5265 1008 5313 et
1021 5257 1052 5313 C.

254 5319 361 5383 Barth..
375 5322 503 5386 Adsere,
516 5322 562 5377 lib.
576 5337 631 5388 xta,
651 5337 711 5391 cap.
725 5324 769 5377 15.
784 5322 886 5381 Oneon.

294 5390 441 5447 Prrtercuut.
459 5392 494 5447 lta
511 5409 561 5446 rus.
576 5392 689 5448 Sabmus
701 5402 730 5448 et
742 5391 901 5452 Salutasius.
923 5395 1054 5456 Gelenius

254 5462 352 5517 etalii:
365 5473 522 5531 putrescunt.
536 5463 601 5531 Sed,
614 5475 643 5520 ut
655 5464 858 5521 beneottserrat
871 5468 1052 5537 stewechius,

255 5542 358 5601 puteaco
369 5544 411 5588 cst
425 5533 607 5590 inchoativum
618 5550 633 5590 a
646 5545 732 5608 putea.
743 5535 902 5612 Videsupra
914 5538 948 5594 ad
964 5539 1009 5596 lib.
1023 5557 1051 5611 v,

255 5615 315 5669 cap.
333 5601 377 5656 11.
388 5605 491 5659 Orsen.

289 5671 412 5726 Curretia.
428 5673 497 5728 Alii:
512 5676 624 5731 canitia.
640 5677 742 5736 Onntt.

291 5738 452 5807 Anetifienri.
469 5744 622 5812 Atratificure
634 5749 687 5816 rel,
712 5758 741 5806 ut
755 5750 858 5813 Nonius
873 5752 963 5827 babet,
976 5759 1052 5828 aupi-

1132 4329 1255 4384 Alludere
1262 4330 1447 4402 porrigentibus
1455 4332 1558 4400 saepius
1569 4329 1690 4385 alludere
1699 4339 1741 4385 cst
1747 4330 1906 4388 adblandiri

1106 4399 1244 4456 blanditiis
1253 4414 1372 4471 captare,
1386 4407 1568 4529 πξοσπαίζιιν,
1581 4410 1610 4458 et
1625 4402 1660 4458 de
1681 4401 1795 4459 canibus
1811 4407 1908 4460 nubre

1105 4469 1227 4540 ilamen,
1242 4471 1339 4545 Odyss.
1351 4472 1385 4527 11.
1418 4475 1451 4529 iti
1464 4489 1525 4544 supr

1228 4590 1276 4651 hppl
1286 4594 1358 4640 {maa
1368 4602 1453 4648 abuma..
1464 4602 1545 4641 σάκε’.

1104 4690 1176 4763 quod
1182 4691 1290 4748 Scholia
1300 4694 1512 4765 interpretantur
1519 4698 1700 4753 minacium.
1711 4695 1907 4754 Nostmnedelu.

1105 4763 1143 4817 lta
1156 4762 1320 4830 Lactantius,
1339 4764 1415 4834 lust,
1434 4767 1481 4822 tiu.
1496 4783 1535 4836 ιιι,
1550 4783 1610 4837 cap.
1627 4769 1677 4824 1οε
1694 4769 1833 4824 Srtnunttrn
1855 4771 1909 4841 iqi-

1105 4833 1248 4888 turbonurn
1261 4835 1371 4891 leontinis
1390 4838 1417 4891 in
1426 4839 1483 4892 sola
1503 4841 1627 4910 reiiqione
1641 4850 1688 4893 est.
1711 4838 1781 4894 Naar
1799 4851 1905 4906 catera,

1104 4905 1181 4958 etiant
1192 4921 1249 4977 quoe
1258 4917 1381 4975 putantur
1395 4910 1493 4963 lrornt'rta'
1503 4925 1557 4964 erse
1567 4912 1682 4981 propria,
1696 4912 1724 4965 in
1732 4912 1831 4966 certeris
1841 4929 1906 4983 quo·

1104 4991 1152 5045 qne
1164 4977 1317 5032 animalibus
1337 4981 1508 5051 reperiuntur.
1522 4979 1587 5036 cunr
1600 4983 1666 5036 ertu
1685 4999 1747 5038 saar
1761 4999 1903 5053 racemo·

1105 5047 1168 5117 priis
1179 5047 1244 5101 inter
1259 5065 1285 5102 te
1298 5051 1366 5104 notis
1375 5051 1521 5105 discernunt
1529 5053 1777 5124 atquediqnoscttnt,
1788 5056 1904 5124 colloqui

1104 5119 1238 5184 videntum
1260 5120 1362 5175 ridendi
1384 5138 1483 5192 quoqne
1495 5126 1563 5178 ratio
1576 5136 1684 5196 apparet
1706 5126 1733 5179 in
1748 5127 1789 5180 itis
1802 5126 1902 5195 aliptae,

1105 5205 1162 5242 curn
1182 5189 1302 5247 demulsis
1324 5193 1440 5255 auribus,
1455 5202 1636 5266 contractuque
1647 5197 1723 5259 rictu,
1745 5205 1768 5249 et
1780 5197 1865 5251 oraha
1877 5199 1904 5251 in

1106 5257 1235 5315 lasciuiam
1246 5264 1363 5318 recolatis
1372 5266 1522 5320 autlroutini
1532 5266 1669 5331 adludunt,
1681 5268 1786 5320 catanis
1795 5269 1904 5337 quisque

1105 5333 1258 5416 coniugibus
1271 5346 1316 5387 aut
1330 5337 1562 5407 foetibusproprr'ir.
1576 5337 1621 5394 ulti
1642 5337 1698 5393 rid.
1720 5337 1902 5404 llitnemtuu.,

1105 5405 1297 5530 Ιηὶ11119-Ξι
1306 5406 1579 5535 ὖῗῖἷιιίῖξῑξιξάειι
1595 5478 1665 5537 Deua
1680 5479 1707 5535 lt.
1725 5480 1744 5535 1.
1760 5481 1904 5537 collective

1104 5542 1139 5599 de
1149 5544 1201 5598 dns
1211 5557 1238 5599 et
1252 5546 1364 5605 deabus.
1381 5549 1484 5606 Oneon.

1139 5612 1193 5697 llic
1205 5617 1342 5688 uirginibus
1365 5620 1472 5676 bucrtlir.
1488 5621 1526 5678 lta
1540 5621 1649 5678 Fulvius
1662 5623 1785 5679 Ursinus
1813 5625 1904 5681 Editio

1105 5701 1231 5766 princeps
1254 5706 1260 5741 :
1282 5688 1392 5748 ludatis.
1416 5694 1584 5750 Stewecltius
1610 5694 1782 5751 scribendum
1809 5707 1904 5753 ccrtset

1105 5757 1200 5826 utalia,
1216 5774 1276 5816 cum
1292 5759 1427 5821 llrnultins
1442 5764 1510 5821 inira
1526 5780 1587 5836 cap.
1605 5764 1651 5838 22,
1666 5767 1738 5823 dieat
1755 5766 1902 5824 cllirtaroe
