4150 6250
275 327 278 337 ·
320 295 369 382 let
964 320 1193 389 urssnnmlntt
1212 303 1353 391 anatra
1910 309 1964 391 aaa

320 450 409 497 autem
423 435 494 497 illius
506 440 679 506 documenta,
692 440 952 511 erquomodoabeo
968 433 1119 512 'traditaac
1132 453 1158 521 Α
1171 465 1240 514 rum,
1259 459 1287 504 et
1307 448 1384 521 qnasi
1408 463 1458 505 nos
1483 441 1593 520 cernat,
1617 450 1711 508 laeiem
1735 448 1905 507 sublevamus
1929 449 1965 506 ad

1167 540 1290 596 coelttmr
1309 535 1430 612 (Arcem,
1451 534 1496 598 tii.
1521 559 1552 606 ιι,
1576 539 1636 618 pop.
1650 544 1708 618 db).
1733 539 1818 613 Quam
1835 561 1914 615 porro
1937 545 1966 601 td

1167 651 1261 691 verum
1274 635 1319 700 sit,
1336 646 1362 691 te
1376 636 1484 692 docebit
1495 637 1551 708 jam
1563 638 1660 694 citatus
1675 655 1689 693 a
1704 639 1782 694 nubis
1792 625 1901 708 Cicero,
1917 639 1965 714 qui

1166 729 1263 785 alicubi
1288 730 1420 801 scripsit:
1438 749 1447 783 t
1464 723 1565 788 Omnes
1587 747 1646 789 esse
1667 734 1721 789 vim
1736 743 1764 790 et
1778 743 1902 789 naturam
1922 732 1966 790 di·

1167 825 1257 879 rinam
1273 817 1449 881 arbitrantur.
1464 826 1519 882 Nec
1532 841 1599 882 vero
1611 817 1638 881 id
1651 817 1798 884 collocutio
1812 827 1964 896 bominum,

1167 928 1214 972 aut
1235 909 1491 1008 consensrrstell're'it,
1507 934 1560 975 non
1578 911 1707 975 institoris
1729 921 1821 991 opinio
1842 929 1885 975 est
1901 934 1969 975 con·

320 527 602 606 propugnataluerint,
615 529 669 604 jam
681 531 830 590 videamus.

620 687 733 746 CAPUT
754 688 810 745 tlt.

319 826 509 883 Ercorinrmtrrr
526 836 624 882 osrerte
642 829 672 881 alr
692 827 803 883 Arnobio
816 827 963 902 christiano
985 827 1116 900 relipiont'r

497 922 647 978 duramento
661 940 691 977 ac
704 924 815 994 prinrrtrn
825 923 857 979 de
872 905 935 980 Deo.

1168 1010 1287 1076 lit-rnatu,
1313 1029 1367 1066 non
1388 1010 1504 1080 legibus.
1520 1009 1600 1068 Omni
1611 1005 1701 1068 aurern
1718 1014 1744 1068 iu
1767 1028 1798 1070 re
1817 1012 1965 1069 consensio

1167 1105 1288 1159 omnium
1314 1105 1433 1175 gentium
1450 1104 1491 1161 let
1508 1114 1611 1161 nature
1630 1104 1748 1177 putanda
1770 1116 1812 1162 est
1830 1113 1840 1160 l
1858 1104 1969 1180 (dicen,

318 1197 412 1257 Quibus
422 1197 545 1246 rationum
561 1197 693 1246 momentis
704 1196 829 1246 Arnobius
844 1192 927 1244 Deum
938 1183 1063 1245 etsistere
1073 1192 1119 1243 de·
1168 1185 1232 1252 biit
1252 1191 1372 1267 Turoni,
1389 1215 1450 1270 pap.
1468 1196 1528 1268 llil,
1547 1198 1593 1253 lin.
1611 1198 1708 1268 penult.
1723 1211 1746 1255 et
1759 1216 1840 1280 seqq,
1863 1208 1886 1255 et
1908 1200 1973 1267 tta,

347 1257 1118 1386 bitettenlla{ltlrldrllffiddtnlatnta
1168 1288 1342 1362 nomo
1357 1281 1417 1364 ραι.
1432 1291 1495 1358 aaa
1512 1291 1559 1347 u·
1575 1285 1634 1365 aa.
1656 1289 1749 1362 unaue
1772 1289 1797 1348 a
1812 1292 1846 1348 o
1865 1289 1899 1348 u
1914 1293 1970 1347 eu·

347 1382 968 1449 iutmeritoqeaedumejusrespousioaquibusdam
979 1354 1119 1444 repreben·
1168 1381 1316 1456 prudenter
1333 1384 1435 1442 dictum
1458 1381 1608 1453 arbitreris,
1624 1377 1697 1459 duod
1712 1381 1746 1440 ab
1767 1384 1825 1456 ipso
1838 1375 1900 1441 alibi
1918 1401 1969 1440 re-

346 1445 427 1497 dffif‘
1169 1471 1281 1550 petitum
1293 1480 1424 1536 invenies.
1441 1477 1624 1548 Quamobrem
1637 1473 1773 1535 brnobius
1783 1465 1882 1535 alicubi
1894 1476 1970 1534 baud

315 1579 321 1632 l
352 1575 471 1634 Primum
488 1575 664 1647 proculdubio
680 1590 712 1630 ac
727 1576 905 1647 precipuum,
922 1588 976 1646 quo
991 1572 1118 1629 fundatur
1169 1559 1323 1630 dubitanter
1337 1583 1475 1630 asseverat
1491 1589 1553 1629 eum
1568 1589 1630 1629 esse
1654 1567 1809 1641 amentem,
1830 1561 1863 1628 ac
1884 1569 1970 1629 s'tulte

316 1678 371 1726 tota
385 1669 607 1739 christianorum,
632 1679 661 1725 ct
682 1668 822 1741 gentilium
837 1667 933 1738 religio
952 1666 1115 1735 destruitur,
1169 1667 1352 1739 desperatum,
1365 1666 1411 1738 qui
1424 1666 1508 1723 Deum
1521 1667 1652 1723 exsistere
1664 1665 1782 1737 ambigat
1797 1681 1805 1720 ι
1820 1661 1889 1721 satis
1902 1679 1970 1721 tero

315 1763 505 1820 documentum
530 1773 591 1832 est,
620 1779 702 1819 unum
733 1763 870 1818 dumtaxat
901 1760 1117 1830 omnipotentem
1169 1778 1231 1819 esse
1252 1761 1364 1827 bomini,
1380 1747 1408 1817 et
1420 1760 1443 1817 si
1457 1761 1509 1816 alia
1533 1753 1637 1833 ignoret
1658 1757 1734 1816 illum
1759 1768 1973 1831 agnuscere,et

318 1855 403 1911 Denrn
429 1858 572 1912 exsistere.
594 1857 730 1911 denobius
745 1865 835 1910 autern
862 1853 889 1909 id
913 1854 1116 1910 evidentissime
1131 1855 1156 1928 Β
1169 1858 1239 1914 banc
1262 1873 1393 1913 summam
1419 1871 1480 1913 esse
1493 1856 1632 1913 scientiam
1649 1875 1656 1911 :
1675 1876 1684 1910 t
1706 1855 1817 1923 Rebus,
1838 1876 1849 1909 r
1867 1854 1968 1927 inquit,

315 1945 482 2006 domonstrat
500 1965 533 2006 er
549 1952 633 2020 ipsius
645 1947 786 2006 effectibus
801 1939 923 2019 (draci,
940 1949 985 2005 lib.
999 1966 1018 2013 ι,
1030 1967 1057 2020 p.
1071 1949 1116 2016 16,
1172 1970 1181 2004 t
1200 1967 1234 2007 err
1245 1935 1382 2016 omnibns,
1398 1965 1458 2020 qnae
1480 1957 1599 2020 augustae
1620 1950 1740 2004 continet
1752 1939 1901 2005 divinitatis
1916 1946 1973 2004 ob-

316 2044 396 2096 erlib.
412 2059 442 2110 ιι,
471 2062 532 2115 pop.
556 2041 613 2115 tt),
639 2041 730 2099 innata
756 2041 860 2098 cunctis
881 2039 1036 2098 bominibus
1059 2042 1118 2113 ejus
1168 2045 1294 2112 sertritas,
1314 2045 1401 2100 solum
1421 2045 1505 2099 licum
1519 2058 1579 2099 esse
1599 2035 1793 2111 indubitalem,
1811 2042 1897 2098 solum
1918 2058 1971 2100 re-

314 2136 385 2201 idcn,
401 2139 429 2193 'et
443 2129 594 2210 ‘agnitione
619 2129 651 2193 b'c
676 2125 769 2192 intima
794 2129 914 2192 otndinm
939 2133 1115 2192 conscientie.
1168 2153 1240 2204 rnur,
1255 2148 1282 2192 et
1296 2127 1330 2193 de
1341 2153 1394 2207 quo
1408 2131 1500 2196 milles
1516 2139 1654 2212 ambigere
1669 2139 1721 2196 nisi
1734 2150 1828 2194 amens
1842 2137 1928 2208 possit
1940 2146 1972 2193 et

314 2225 487 2300 Singulorum
501 2227 573 2286 euidr
588 2229 687 2285 :ritimis
706 2229 775 2285 adeo
790 2227 880 2294 insita,
898 2229 940 2285 nel
967 2223 1059 2300 'prorius
1074 2228 1116 2282 ilr-
1168 2227 1365 2301 desperationis
1387 2232 1500 2299 insanae,
1522 2249 1602 2305 quem
1622 2224 1688 2290 satis
1707 2233 1741 2290 sit
1756 2234 1844 2299 scire,
1858 2242 1887 2288 ot
1899 2231 1972 2288 nihil

313 2331 376 2378 nata
389 2315 432 2378 es't
444 2323 476 2379 ea
491 2317 576 2388 notio,
593 2332 621 2378 nt
635 2321 714 2379 lacile
730 2311 879 2395 agnoscant
892 2335 921 2377 se
945 2325 959 2377 a
978 2308 1034 2377 beo
1052 2325 1117 2378 te'ro
1168 2324 1240 2380 aliod
1256 2321 1375 2391 ndreris,
1390 2321 1482 2398 sisque
1503 2343 1594 2383 reram
1615 2335 1643 2384 ct
1655 2328 1801 2384 maximam
1823 2327 1967 2384 scientiam

314 2413 451 2486 accepisse
475 2411 530 2472 non
554 2418 640 2471 solum
661 2407 733 2487 quud
759 2413 812 2471 sint
832 2411 966 2481 homines,
994 2413 1068 2485 ipurld
1083 2411 1119 2469 iri·
1168 2409 1372 2484 consecutione
1383 2420 1662 2492 Deorerumcapiteet
1671 2422 1824 2493 cognitione
1839 2415 1966 2478 delirus»

315 2524 398 2577 vent,
428 2513 552 2583 spirent,
579 2509 750 2578 indreorittir,
775 2497 822 2567 sed
847 2505 918 2581 quod
940 2501 1014 2566 totus
1035 2497 1117 2565 etiarn
1168 2510 1221 2568 Sed
1234 2509 1294 2566 baec
1306 2511 1460 2581 superiusa
1477 2512 1556 2569 nobis
1570 2512 1699 2584 probata,
1719 2517 1789 2569 nunc
1806 2513 1970 2586 losiuspro·

313 2610 442 2676 rutundus,
456 2609 508 2675 sol,
524 2589 601 2674 buna,
623 2607 769 2672 elementa,
787 2603 1040 2677 miraculumque
1060 2603 1119 2659 brn-
1168 2599 1244 2674 sequi
1258 2604 1369 2659 necesse
1383 2593 1437 2658 non
1459 2604 1565 2659 videtur
1585 2593 1706 2677 (Arnai,
1731 2601 1775 2659 tlt.
1790 2620 1820 2671 n,
1842 2622 1903 2677 pop.
1918 2604 1967 2674 86,

315 2695 358 2760 r'ria
372 2706 406 2761 ab
421 2706 466 2760 illo
478 2716 570 2761 creata
585 2705 648 2772 einr,
670 2704 782 2775 ejusque
800 2697 968 2774 proiidentia
991 2701 1119 2773 regantur
1168 2709 1231 2753 tom.
1248 2714 1255 2752 ι
1278 2696 1417 2769 Apparet,
1439 2714 1499 2770 pop.
1514 2697 1584 2767 888,
1606 2708 1630 2754 ct
1652 2698 1792 2766 dissertet,
1803 2698 1831 2754 in
1852 2683 1969 2769 bliaut„

314 2781 584 2855 ctndmin'istrcntnr,
609 2798 637 2853 ln
663 2799 742 2868 liujus
765 2813 830 2852 vero
845 2795 995 2868 a‘rgrtrnenti
1017 2787 1119 2850 c'o'rrfir-
1167 2806 1227 2861 cop.
1243 2779 1334 2857 dan.
1349 2793 1389 2861 5).
1668 2863 1670 2872 Ι

314 2895 461 2950 orationem
475 2887 543 2949 scite
558 2889 704 2963 subjungit,
724 2891 776 2947 lroc
798 2891 863 2947 nulli
876 2907 910 2948 etr
924 2875 1118 2946 commentitiis
1175 2953 1177 2960 y
1202 2884 1237 2939 dt
1253 2884 1328 2940 vides
1340 2895 1413 2940 certe
1423 2902 1503 2957 quam
1517 2883 1656 2958 perspicue
1668 2887 1738 2944 Deus
1748 2887 1785 2944 ibi
1798 2886 1833 2974 ab
1843 2886 1969 2945 brnobio

313 2986 452 3056 gentilium
465 2971 516 3041 dits
531 3000 610 3055 posse
631 2969 751 3039 attribui.
764 2983 832 3039 Nam
853 2979 941 3039 cuncti
960 2981 1011 3037 bos
1022 2989 1117 3037 omnes
1166 2967 1271 3036 dicatur
1292 2995 1382 3036 rerum
1396 2981 1515 3037 oninium
1530 2989 1619 3051 caput,
1634 2981 1709 3037 solus
1725 2996 1803 3036 verus
1816 2980 1886 3036 licus
1902 2979 1969 3053 (dr-

316 3073 394 3145 deos,
409 3080 487 3135 sicuti
501 3086 530 3135 et
541 3075 670 3133 mundum
681 3083 757 3134 certo
771 3076 887 3149 quodam
904 3087 1026 3149 temporo
1037 3071 1116 3132 'orto's
1167 3071 1239 3141 nob,
1261 3071 1307 3130 lii.
1323 3089 1343 3143 r,
1364 3092 1424 3147 pop.
1442 3074 1499 3149 to).
1516 3075 1588 3131 dlibi
1605 3091 1671 3133 vcro
1693 3090 1747 3132 non
1763 3075 1851 3131 minus
1864 3067 1969 3132 diserte

313 3162 592 3243 cssepro'lttebautur.
1166 3158 1267 3224 abillo
1287 3158 1438 3240 appellatur
1458 3164 1608 3243 ingenitus,
1632 3170 1808 3239 immortalis,
1834 3180 1966 3239 aeternus,

350 3264 464 3320 Tantum
478 3279 568 3319 aurem
583 3263 609 3319 in
624 3263 675 3319 bac
685 3263 919 3335 argumentatione
931 3260 1048 3328 roboris
1060 3254 1152 3329 evi-'c
1168 3262 1352 3335 incorporeus,
1376 3250 1514 3335 qualitatis
1538 3274 1565 3321 et
1578 3262 1736 3343 quantitatis
1757 3259 1865 3339 expers,
1880 3265 1966 3321 incir-

313 3358 423 3423 deutiae,
439 3366 467 3413 et
479 3356 683 3430 perspicuitatis
696 3358 758 3413 esse
770 3362 879 3422 oensem
907 3360 938 3411 ut
963 3356 1085 3427 quimiis
1098 3371 1113 3411 a
1165 3352 1365 3428 ctrdrscriptus,
1380 3360 1541 3425 immensos,
1562 3361 1620 3417 sine
1634 3361 1697 3425 situ,
1718 3372 1804 3428 moto,
1817 3372 1846 3417 et
1859 3360 1966 3428 babitu,

313 3450 583 3510 cunetisboiniulbos
598 3446 739 3522 ignoretur
754 3452 824 3523 quis,
835 3449 932 3523 ortilis,
943 3446 1114 3521 neutriusque
1165 3452 1284 3505 ornnitim
1300 3467 1390 3507 rerem
1404 3452 1479 3509 locus
1492 3463 1520 3511 et
1534 3456 1661 3524 spmtium,
1683 3456 1768 3526 prima
1787 3471 1881 3524 causa,
1903 3456 1965 3513 lons

312 3548 348 3602 sit
361 3547 450 3614 beusz
472 3543 503 3603 ln
526 3544 636 3600 dubium
661 3548 763 3611 tamen,
779 3548 813 3598 an
836 3543 884 3598 ilie
906 3543 952 3609 sit,
974 3558 988 3597 a
1004 3543 1113 3598 nemine
1164 3560 1266 3611 rerum,
1280 3557 1355 3602 satur
1367 3548 1529 3606 secutorum
1543 3564 1575 3605 ac
1590 3554 1753 3621 temporum,
1774 3562 1861 3622 pater,
1877 3550 1968 3608 domi-

311 3654 386 3697 sanre
398 3642 496 3697 mentis
510 3638 620 3695 bomine
631 3628 823 3711 tocaripossit.
836 3634 895 3693 tarn
909 3646 986 3703 vero,
997 3637 1114 3708 insupe-
1164 3653 1225 3701 nus,
1240 3628 1347 3694 creator
1361 3625 1493 3707 omnium,
1515 3652 1541 3697 et
1558 3642 1739 3713 omnipotens,
1763 3643 1808 3714 qui
1821 3642 1855 3698 ab
1876 3641 1967 3699 borni·

312 3732 376 3790 riori
391 3738 485 3792 'nostra
500 3734 533 3789 de
557 3732 664 3789 blinncii
679 3716 907 3790 terrendorum
921 3732 1113 3789 dissertatione
1164 3733 1243 3787 nibus
1258 3747 1308 3789 nec
1328 3733 1412 3819 rideri
1425 3720 1513 3804 potest
1528 3750 1578 3792 nec
1590 3736 1718 3806 explicari
1734 3734 1829 3810 (ltro,
1843 3753 1905 3809 pop.
1917 3735 1963 3806 il,

315 3829 385 3902 (cop.
401 3830 428 3895 5,
445 3838 494 3884 nrt.
507 3820 547 3900 b),
560 3827 729 3884 ostendimus
740 3842 793 3883 non
804 3812 985 3896 nrbdoiilrr'nt,
998 3827 1047 3883 sed
1055 3826 1113 3899 t'y·
1165 3816 1214 3888 ra,
1229 3827 1273 3881 tit.
1287 3842 1315 3891 ιι,
1331 3842 1393 3897 pop.
1406 3827 1453 3894 dd,
1467 3827 1513 3893 dt,
1524 3827 1570 3896 ld,
1582 3828 1626 3895 ts,
1639 3827 1687 3892 95;
1699 3828 1746 3884 tit.
1759 3844 1799 3896 rtt,
1812 3816 1874 3900 pop.
1888 3826 1965 3899 tot).

311 3920 436 3992 piianum
460 3922 554 3988 eliam,
583 3919 797 3986 Ter'udlianum,
822 3920 1003 3987 Lactantiutir,
1027 3920 1113 3976 immo
1161 3910 1229 3989 ‘Quis
1250 3929 1358 3988 autem,
1386 3920 1464 3977 nobis
1486 3922 1652 3989 tacentibus,
1672 3923 1735 3979 inde
1762 3937 1817 3980 non
1841 3922 1966 3995 agnoscit

311 4014 447 4070 ethnicum
470 4016 575 4085 qri'oqu'e
604 4012 762 4070 Ciceronem
794 4014 888 4070 eadem
916 4015 1021 4070 ratione
1055 4026 1109 4070 tarn
1163 4026 1243 4082 qnam
1266 4021 1339 4069 recte
1351 4013 1397 4069 ille
1409 4013 1525 4071 divinam
1541 4015 1713 4085 explicaverit
1727 4025 1861 4082 naturam,
1875 4031 1965 4087 quao-

308 4108 403 4177 'certo,
420 4114 500 4179 qnam
512 4104 653 4164 euidenter
665 4106 868 4165 demonstrasse
883 4112 965 4164 rurum
981 4109 1114 4166 duntaxat
1164 4111 1244 4177 taque
1258 4107 1406 4178 diligentia,
1422 4118 1451 4165 et
1464 4118 1566 4180 quanto
1579 4107 1669 4165 studio
1679 4109 1768 4166 omnia
1779 4108 1848 4178 lere,
1862 4117 1892 4166 et
1903 4107 1965 4165 sin·

311 4196 476 4267 essetecum,
487 4201 565 4271 cujus
577 4199 680 4257 inlinita
692 4200 825 4271 potestate
834 4202 923 4257 omma
935 4206 1025 4258 creata
1034 4202 1111 4272 sunt,
1162 4198 1224 4269 gula
1240 4200 1286 4254 liei
1298 4200 1424 4255 attributa
1438 4201 1598 4257 recenseat?

312 4310 343 4349 ac
353 4292 523 4366 prouidentia
538 4294 655 4351 mirabili
669 4294 864 4366 gubernantur.
878 4295 913 4350 dt
925 4296 960 4352 'de
970 4294 1113 4352 Lactantio
1200 4294 1238 4348 lie
1251 4293 1283 4349 iis
1300 4308 1380 4363 porro
1393 4294 1454 4365 quia
1467 4295 1531 4351 alibi
1545 4282 1614 4351 baud
1638 4295 1723 4354 semel
1751 4296 1963 4367 disputavimus,

311 4398 339 4446 et
351 4384 521 4445 Tertulliano
534 4388 637 4462 aliquid
652 4388 742 4445 adbuc
755 4387 826 4445 inlra
849 4384 1005 4446 dicendum.
1018 4390 1112 4461 l‘rtcp·
1163 4384 1276 4442 sulliciar
1289 4386 1408 4441 aniruurn
1422 4387 1456 4442 ad
1470 4384 1535 4443 illud
1550 4388 1663 4444 rationis
1681 4382 1848 4445 moerentum
1865 4390 1964 4447 adrer-

312 4494 384 4539 tcrea
401 4482 536 4539 drndbirrs
556 4476 654 4539 alicubi
676 4478 749 4538 band
764 4482 922 4539 dubitanter
944 4483 1110 4554 prentlrttiat,
1142 4490 1231 4548 tere,
1255 4495 1308 4552 quo
1321 4480 1425 4536 Auctor
1446 4491 1539 4537 noster
1559 4483 1718 4539 catholicam
1743 4484 1777 4541 de
1801 4483 1964 4556 incorporee

311 4572 382 4647 duod
394 4576 419 4631 'ei
439 4574 498 4631 lieri
518 4582 621 4647 posset,
638 4570 667 4629 n't
690 4574 839 4630 artinibntla
872 4570 993 4647 ipsmqli'e
1015 4576 1132 4662 sensusk
1162 4572 1220 4629 sive
1238 4572 1369 4643 spirituali
1390 4572 1438 4628 Dei
1453 4585 1547 4629 natura
1563 4576 1724 4631 sententiam
1744 4586 1834 4632 tuctur
1851 4592 1883 4634 ac
1897 4593 1964 4649 pro·

306 4674 435 4741 'expertes
447 4662 577 4726 creaturae
601 4664 744 4741 quemdam
760 4668 873 4727 ederenl
893 4671 968 4725 nocis
981 4671 1110 4737 sonitum,
1124 4650 1152 4728 l')
1166 4672 1286 4736 pugnat:
1304 4683 1314 4717 ι
1328 4665 1454 4729 Nostra»
1466 4666 1550 4737 inquit
1563 4667 1684 4740 (arnol,
1700 4664 1744 4722 lii.
1757 4683 1797 4735 ur,
1810 4684 1871 4741 pop.
1885 4668 1962 4741 lot),

309 4774 367 4817 rnm
382 4761 454 4818 illico
465 4763 590 4834 nragistra
603 4778 634 4817 nc
647 4762 716 4818 duce
735 4762 831 4817 na'tura
851 4770 934 4818 ttnurtr
948 4760 1045 4829 ileum,
1068 4768 1113 4816 so-
1165 4757 1226 4812 ede
1241 4755 1292 4813 boc
1307 4757 1440 4813 sententia
1459 4758 1520 4813 talis
1535 4768 1588 4815 est.
1611 4758 1741 4815 Naturam
1759 4773 1868 4816 omnent
1888 4758 1961 4817 diri·

307 4856 419 4927 lemque
432 4870 522 4911 rernm
543 4856 662 4911 omniunt
688 4862 839 4911 creatorem
855 4857 985 4912 exsistere
1010 4854 1112 4911 clama-
1162 4865 1235 4917 narn,
1250 4862 1311 4921 que
1322 4864 1409 4921 neque
1419 4865 1481 4905 csse
1494 4850 1608 4922 coeperit
1620 4851 1775 4924 aliquando,
1789 4870 1839 4910 nee
1849 4853 1962 4910 vitalem

311 4956 372 5005 rent
388 4947 507 5022 (draeo.
525 4949 570 5004 lib.
584 4964 604 5018 r,
617 4962 677 5021 pop.
693 4946 749 5019 ts).
763 4946 832 5018 Quin
845 4950 926 5005 enam
940 4947 963 5004 si
978 4938 1110 5005 Clementi
1162 4943 1195 5000 ad
1209 4946 1354 5001 terminum
1369 4945 1405 4999 sit
1419 4943 1564 5015 aliquando
1580 4956 1711 5014 vererere,
1728 4946 1899 5003 lineamentis
1914 4958 1963 5003 ea·

310 5038 492 5100 Alexandrino
514 5038 669 5111 credamus,
695 5028 906 5098 Xenocratetet
926 5039 1108 5109 Democritus,
1162 5052 1224 5094 rere
1236 5037 1392 5110 corporeis,
1409 5053 1497 5109 neque
1508 5038 1577 5094 ullas
1590 5036 1738 5094 formarum
1757 5038 1858 5111 elligies
1874 5041 1963 5112 possi·

582 1065 731 1112 nnntctttos
742 1065 848 1112 Pblissib.

310 5132 534 5209 quemadmodum
548 5136 613 5192 alibi
630 5132 740 5192 anobis
753 5136 925 5191 observatum
940 5138 992 5203 est,
1009 5133 1109 5189 docue-

310 5240 374 5287 runt
385 5244 446 5286 esse
459 5230 578 5301 aliquam
592 5232 618 5284 in
634 5229 715 5284 mutis
727 5228 908 5284 attinentibus
921 5226 971 5282 liei
985 5225 1109 5282 notitinttt

310 5338 342 5380 ac
354 5325 535 5395 cognitionem
551 5323 640 5389 (Tene.
655 5339 674 5379 rr
687 5322 828 5395 Apparet„
842 5323 889 5379 ttt.
903 5337 943 5389 nt,
961 5320 1064 5379 dimrt.
1079 5320 1107 5389 2,

310 5428 368 5489 cop.
382 5415 410 5484 6,
424 5425 476 5472 rrrt.
487 5417 513 5484 l,
527 5432 590 5489 pop.
603 5414 680 5486 etti.

345 5508 456 5566 dennis
471 5518 561 5565 autern
575 5508 731 5564 hominibus
744 5508 800 5574 illa,
812 5510 851 5565 ait
860 5510 1005 5580 arnobius,
1016 5511 1056 5566 ita
1068 5509 1110 5565 in-

310 5610 373 5659 nata
387 5612 439 5671 est,
452 5610 485 5659 nt
499 5608 594 5660 ornnes
607 5602 766 5657 naturaliter
779 5602 864 5683 licum
877 5602 1015 5673 tnreeent,
1030 5619 1109 5661 enm·

310 5708 364 5765 qtrc
373 5702 472 5750 testem
485 5694 654 5752 constituant
666 5712 673 5750 ε
687 5711 700 5746 ι
716 5693 802 5761 Querar
820 5702 926 5761 omnes,
940 5694 1041 5766 turon,
1061 5708 1110 5751 ne·

312 5785 434 5842 ruraliter
456 5785 567 5863 scimur,
587 5786 648 5843 rite
670 5794 733 5842 cttrn
755 5785 961 5842 exclamemus:
981 5784 1108 5843 (locust

313 5876 370 5933 alte
381 5890 443 5933 eum
458 5875 533 5932 illem
549 5864 645 5936 rotem
666 5878 751 5938 licum
771 5876 959 5939 constituimus
972 5877 1112 5953 improbo·

1160 5129 1236 5199 derc,
1246 5129 1343 5202 quibus
1352 5131 1455 5186 extima
1469 5131 1685 5203 circumscriptio
1697 5133 1880 5190 membrorum
1891 5135 1962 5192 solet

1160 5236 1318 5297 coagmenta
1342 5223 1429 5281 linire.
1447 5225 1583 5297 Quidquid
1606 5229 1678 5283 eninr
1694 5228 1748 5285 tale
1772 5238 1830 5295 est,
1846 5230 1962 5287 mortale

1160 5335 1222 5376 csse
1235 5319 1407 5385 arbitramur,
1423 5327 1450 5375 et
1464 5319 1562 5387 labile;
1587 5335 1637 5376 nec
1659 5314 1783 5378 obtinere
1801 5330 1960 5393 perpetuam

1160 5411 1297 5468 credimus
1311 5413 1458 5476 aevitatem,
1473 5411 1545 5483 qued
1557 5412 1687 5469 extremis
1701 5412 1849 5470 coercitum
1861 5410 1962 5470 finibus

1161 5506 1313 5561 necessaria
1329 5504 1518 5562 circumcludit
1535 5508 1703 5563 extremitas.
1723 5527 1733 5561 ι
1748 5496 1821 5564 Nihil
1840 5507 1962 5579 prolecto

1161 5612 1193 5652 ea
1206 5597 1412 5656 ratiocinatione
1435 5597 1469 5654 ad
1491 5598 1682 5656 stabiliendam
1703 5598 1890 5673 incorpoream
1910 5599 1960 5657 nei

1162 5700 1284 5747 naturam
1305 5691 1409 5749 firmius
1428 5699 1455 5749 et
1468 5690 1640 5749 loculentius.
1661 5692 1746 5751 Recte
1765 5692 1837 5749 enim
1850 5692 1897 5750 ille
1909 5706 1961 5765 pro

1162 5794 1238 5842 certo
1250 5794 1278 5841 et
1292 5784 1345 5841 fixo
1360 5787 1445 5857 pouit,
1461 5772 1591 5859 quidquid
1603 5802 1762 5860 corporeum
1775 5796 1828 5856 ert,
1842 5789 1886 5843 rel
1897 5802 1961 5845 cor·

1163 5876 1237 5949 poris
1260 5868 1432 5938 lineamentis
1450 5893 1482 5936 ac
1502 5872 1587 5939 lorma
1609 5866 1791 5951 componitur,
1813 5872 1881 5938 illud
1897 5894 1960 5940 esse
