4150 6250
283 333 338 392 405

905 320 1132 384 otssdttrttlo
1150 321 1291 384 PRAEVIA

1878 329 1931 386 tol

281 447 320 506 tis
335 460 391 502 suae
417 441 525 500 decimo
548 454 632 506 noua,
645 437 745 496 christi
759 446 849 496 autem
863 437 943 504 1598,
962 437 1086 494 criticam
1099 445 1126 512 ,q
1138 448 1216 500 extra
1232 440 1332 509 aleam,
1346 449 1375 498 et
1389 440 1507 501 arcteris
1521 444 1697 514 propesitum,
1710 458 1762 504 nec
1774 456 1859 516 pauca
1869 447 1931 518 qni·

281 540 470 605 ornobiooorn,
494 534 620 603 Lugduni
633 531 796 589 Batavorum
819 533 890 606 typis
911 533 1083 589 elzevirianis

230 670 234 678 -
282 637 449 704 impressum
462 627 556 685 edidit.
572 625 627 682 Nos
648 634 739 682 autem
754 626 872 682 monitos
885 623 950 682 iacit
963 641 993 683 se
1011 619 1084 682 Can·

283 737 357 795 rerc,
372 725 418 797 qui
445 722 540 780 eadent
571 719 762 786 meditabatur,
788 718 911 790 nisiejns
937 717 1083 790 permissu,

283 818 384 893 praeire
401 815 530 882 uoluisse,
548 827 582 868 ne
596 810 692 867 falcem
705 826 781 867 suam
793 812 820 867 itt
834 811 948 867 alienam
963 827 1081 868 messem

285 910 414 982 injecisse
436 915 604 980 argueretur.
632 902 672 959 Eo
697 904 818 975 porroin
840 919 923 977 opere
950 919 1004 961 rron
1030 906 1086 961 alio

284 1003 342 1062 iere
357 999 521 1066 collitrenvit,
542 1013 622 1070 quarn
645 1007 673 1053 ut
699 997 842 1053 arnobiani
866 1007 957 1055 textus
976 1015 1085 1056 errores

286 1096 390 1167 absque
411 1093 466 1149 ullo
479 1090 574 1148 codice
589 1088 702 1159 inedito,
717 1088 765 1145 scd
780 1090 889 1162 proprio
902 1101 998 1158 marte,
1010 1094 1086 1163 iure·

286 1187 388 1259 nilique
403 1184 512 1256 ingenio
539 1181 708 1238 emendaret.
727 1181 841 1238 Fatetur
856 1193 945 1240 tamen
959 1199 975 1240 a
988 1200 1017 1241 se
1032 1185 1082 1240 im-

286 1290 398 1356 petrare
420 1292 474 1334 nott
492 1276 634 1348 potuisse,
655 1275 719 1347 quio
744 1274 829 1330 labori
845 1275 978 1345 intentus,
1000 1293 1087 1350 eoque

287 1372 425 1437 imitatus,
446 1367 593 1440 aliquando
613 1377 690 1423 extra
713 1368 868 1439 propositos
881 1381 1041 1426 excurreret
1055 1369 1088 1425 li-

285 1468 380 1523 mites.
393 1464 478 1533 Quam
494 1461 567 1517 leiiei
581 1472 673 1518 autern
688 1476 814 1518 successu
824 1461 850 1518 id
861 1464 957 1535 egerit,
973 1465 1088 1535 probant

287 1572 364 1616 certe
379 1564 419 1612 tot
429 1553 529 1612 eruditi
543 1553 702 1625 scriptores,
718 1556 763 1623 qni
777 1565 872 1626 postea
886 1558 1087 1629 manuscripto-

286 1668 349 1710 rum
363 1649 465 1706 auxilio
492 1647 635 1703 innumera
654 1654 745 1702 textus
758 1648 878 1704 auctoris
890 1650 976 1705 nostri
990 1652 1088 1708 menda

289 1756 318 1804 et
348 1744 460 1801 vulnera
489 1755 587 1797 sanare
618 1739 731 1808 conati,
766 1739 842 1796 illum
869 1741 959 1798 adbuc
988 1744 1088 1801 errori·

1136 533 1197 590 dem
1214 549 1275 606 quae
1285 535 1319 592 ad
1333 535 1537 607 grammaticam
1552 545 1654 594 tantum
1668 538 1815 608 pertinent,
1829 550 1857 593 et
1870 539 1930 610 qui·

1136 628 1187 684 bus
1199 629 1298 686 similia
1319 629 1477 687 arnobiaois
1488 629 1569 688 rerba
1585 631 1747 708 quandoque
1759 631 1931 690 exiu'bentur.

1135 720 1243 778 Erroris
1257 735 1365 794 quoqne
1377 731 1519 780 auctorem
1533 733 1654 778 nostrum
1675 738 1877 796 nonnumquam
1889 740 1932 780 ar·

1138 829 1221 886 gnere
1235 830 1289 874 non
1303 828 1423 882 veretur,
1439 830 1473 871 an
1495 814 1646 872 meritorel
1660 814 1771 888 iniuria,
1784 828 1877 888 postea
1891 818 1932 874 ri·

1137 905 1270 966 debiturus.
1291 906 1434 965 Postremo
1456 909 1572 981 ingenue
1596 908 1740 965 conlitetur
1762 909 1877 980 plutima
1902 925 1934 980 se

1138 999 1364 1072 praetermisisse.
1389 1017 1450 1073 quar
1478 1001 1564 1072 laisa,
1589 1009 1716 1071 corrupta
1751 1010 1779 1056 et
1817 1001 1932 1058 obscura

1138 1104 1211 1152 sunt.
1508 1099 1513 1112 ’

1174 1186 1292 1262 Longior
1314 1204 1378 1246 rcro
1407 1199 1449 1247 est
1473 1189 1500 1250 in
1520 1188 1579 1244 suis
1601 1184 1882 1244 animadversionibus
1906 1196 1935 1248 et

1138 1283 1209 1340 natis
1226 1283 1368 1351 beraldus,
1385 1284 1432 1340 sed
1460 1282 1628 1354 frequentius
1654 1296 1736 1354 quam
1759 1280 1935 1337 Elmeobors·

1140 1379 1203 1448 tius,
1215 1380 1250 1438 ab
1262 1382 1381 1438 auctoris
1406 1380 1545 1452 proposito
1565 1377 1724 1451 digreditur.
1751 1374 1780 1431 ln
1806 1376 1847 1432 bis
1861 1378 1935 1434 enirn

1144 1474 1207 1530 data
1222 1474 1297 1530 citati
1311 1491 1325 1530 a
1341 1489 1371 1530 se
1391 1473 1504 1543 alicuius
1524 1471 1665 1542 scriptoris
1688 1471 1841 1536 occasione,
1866 1471 1935 1528 ultra

1140 1566 1239 1624 laudati
1254 1576 1344 1624 textus
1364 1566 1582 1623 emendationem
1595 1564 1639 1620 vel
1661 1563 1869 1636 explicationem
1891 1565 1934 1619 ni·

1140 1659 1225 1714 mium
1246 1659 1375 1726 excurrit,
1391 1659 1521 1730 pluraque
1544 1657 1666 1729 congerit
1681 1656 1714 1713 ad
1729 1657 1803 1714 clara
1824 1656 1936 1713 arnobii

1140 1754 1223 1810 rerba
1237 1754 1369 1809 inutiliter
1382 1752 1553 1824 explicanda.
1568 1750 1661 1823 Neque
1674 1759 1763 1807 tameo
1778 1751 1938 1822 negabimus

287 1839 340 1898 bus
372 1834 576 1910 quamplurimis
611 1831 792 1889 deformatum
818 1834 972 1906 relinquere
1000 1837 1087 1895 coacti
1104 1848 1168 1916 Βῑῃ
1181 1848 1235 1906 pp,
1244 1862 1318 1919 5290
1330 1850 1389 1918 ejus
1408 1847 1586 1906 „quinionem
1598 1861 1631 1902 00
1642 1846 1728 1917 magns
1741 1846 1869 1910 enecare,
1883 1860 1939 1918 quo

287 1942 362 1991 sunt.

323 2023 492 2095 Quapropter
514 2020 538 2076 is
552 2018 717 2076 aroabianus
737 2018 859 2088 criticus,
873 2035 888 2075 a
901 2019 1085 2081 lleursicelu·

285 2114 435 2182 cubratus,
458 2111 633 2170 Theodorum
656 2110 803 2168 Canternm
826 2128 880 2169 oon
902 2113 1037 2172 deterruit
1054 2117 1089 2174 ab

287 2209 400 2268 edendis
416 2207 444 2265 in
460 2206 573 2264 drtrobri
598 2205 683 2262 libros
709 2205 780 2262 notis
795 2217 823 2264 ct
840 2206 1087 2278 observationibus,

289 2322 357 2380 quas
367 2315 457 2370 antea,
471 2303 507 2359 uti
517 2302 643 2368 diximus,
654 2300 793 2374 divulgare
805 2299 976 2358 decreverat.
988 2301 1088 2361 Emen-

289 2400 347 2458 dati
366 2408 456 2455 autem
480 2410 554 2465 asc,
579 2404 626 2451 aut
648 2394 810 2452 emendandi
832 2405 922 2453 textus
948 2399 1089 2456 arnobiani

289 2494 425 2552 rationem
446 2491 472 2548 in
488 2491 528 2548 cis
543 2489 640 2556 reddit,
657 2504 689 2546 ac
702 2491 786 2544 multa
799 2488 911 2558 indicat,
926 2507 986 2562 quae
999 2493 1089 2549 Arno·

291 2588 352 2645 bins
376 2602 410 2643 ex
431 2585 574 2642 Clemente
589 2582 774 2640 Alexandrino
797 2583 967 2656 potissimum
981 2583 1090 2643 desum·

291 2681 355 2754 psit.
380 2679 469 2736 Pauca
490 2689 582 2732 autern
607 2675 745 2746 explicat,
774 2685 888 2747 utruque
914 2676 1014 2733 latetur
1037 2679 1090 2734 alia

291 2778 374 2848 longe
389 2774 506 2846 plurima
520 2784 679 2842 superesse,
701 2784 761 2840 quae
785 2768 938 2840 copiosiore
957 2771 1090 2843 irrterpre·

290 2871 395 2926 tatione
415 2865 580 2936 indigebant.
603 2862 689 2931 Quam
704 2864 739 2917 ob
761 2875 871 2917 causam
891 2862 1090 2934 amplissimum

291 2966 322 3022 in
336 2966 387 3020 bos
401 2959 515 3017 druobii
526 2956 845 3014 libroscommcutarium
858 2953 934 3012 irrevi
953 2972 984 3011 se
999 2956 1089 3013 editu·

289 3074 351 3114 rutn
365 3056 500 3131 pollicitus
516 3061 568 3109 est.
583 3051 636 3107 Sed
659 3059 747 3106 utrum
768 3048 849 3104 iidem
866 3048 1029 3114 liberaverit,
1044 3059 1090 3105 ant

292 3168 342 3209 cur
367 3146 509 3221 promissis
531 3162 585 3205 non
608 3144 725 3211 steterit,
742 3143 819 3200 nobis
841 3142 973 3201 hactenus
987 3144 1090 3202 incom-

291 3253 410 3316 periton.

329 3334 446 3407 Scripsit
460 3334 542 3391 ctiam
563 3329 734 3389 Stevvecbius
747 3326 862 3402 duplicis
875 3329 983 3401 generis
998 3329 1024 3385 io
1038 3345 1086 3384 att·

294 3431 380 3489 cteris
393 3425 480 3484 nostri
494 3426 578 3481 libr-os
593 3422 851 3488 animadversiones,
866 3436 980 3492 quarum
996 3422 1090 3491 primae

293 3527 328 3582 ab
337 3541 371 3581 co
381 3521 496 3597 spiiobua
515 3518 666 3583 electnrtrnr,
677 3514 804 3571 secundm
817 3513 896 3569 electu
908 3515 1088 3587 appellantur.

293 3618 322 3674 lu
338 3613 532 3690 posterioribus
541 3614 617 3684 plura
628 3607 740 3666 Arnobii
754 3609 834 3664 verba
843 3617 872 3663 et
884 3609 1033 3663 sententias
1047 3610 1090 3664 vei

294 3730 329 3769 ex
343 3711 451 3784 iugenio
464 3718 492 3764 et
505 3705 699 3769 mernbraoeis,
718 3702 757 3758 uti
778 3702 826 3769 ait,
841 3700 980 3757 codicibus
998 3717 1092 3757 euren-

293 3806 359 3860 dnre
372 3815 400 3859 et
413 3802 559 3865 illustrare,
571 3801 614 3852 rel
624 3795 737 3851 aliorum
753 3794 915 3867 scripturum
931 3794 1091 3850 anctoritate

220 3866 224 3885 i
293 3897 456 3954 ccnllrmare
472 3907 521 3964 pru
536 3889 606 3945 vlrili
630 3897 706 3961 parte
729 3901 777 3942 sua
793 3884 949 3942 connititur.
965 3885 1091 3957 Syllabas

293 3988 524 4047 vercelectorurn
550 3993 591 4039 est
616 3980 698 4036 tutius
725 3980 826 4051 operis,
843 3990 872 4034 ut
897 3978 954 4034 bac
981 3978 1034 4033 lert
1051 3979 1091 4035 in·

292 4086 417 4156 scriptio,
433 4076 637 4150 compendium,
653 4076 724 4147 quod
749 4073 814 4130 nibil
831 4086 921 4129 tamen
942 4072 1025 4142 aliud,
1039 4074 1091 4131 nisi

293 4171 472 4249 quorumdam
487 4171 634 4227 verborum
646 4166 867 4237 explicationem,
880 4174 907 4222 et
920 4166 1050 4223 nonnulla
1063 4167 1090 4223 in

293 4270 337 4326 bis
351 4267 464 4324 Arrrobii
479 4266 555 4321 libris
569 4270 663 4318 notatu
677 4260 756 4332 digna
772 4258 894 4317 exbibet.

330 4359 563 4434 Quemadmodum
580 4369 646 4411 vero
662 4352 880 4410 Elnrcnborstius
900 4350 967 4408 duas
992 4353 1092 4425 publici

295 4458 366 4532 iuris
393 4456 456 4512 iecit
482 4451 640 4509 eurumdem
661 4448 775 4504 llrnolrii
802 4444 932 4503 librorum
948 4447 1091 4517 editiones,

245 4534 258 4542 ’
295 4556 335 4613 ita
348 4547 559 4620 uniuscujusque
583 4541 665 4599 variis
680 4538 751 4597 nutis
767 4542 934 4597 illustranda·
949 4557 1018 4600 onus
1030 4558 1091 4599 sus-

1140 1940 1270 2006 breviori,
1286 1940 1365 1997 sicuti
1378 1940 1508 2006 diximus,
1530 1938 1660 2012 temporis
1682 1938 1825 1995 nrtertatto
1852 1946 1938 1994 totum

1141 2047 1210 2104 opus
1224 2047 1254 2090 se
1268 2033 1418 2105 perfecisse
1430 2032 1563 2090 adseruit.

1178 2126 1250 2182 batos
1263 2126 1430 2198 Bulengerus
1453 2128 1480 2182 in
1495 2125 1645 2183 broobiurn
1673 2125 1833 2199 Eclogarum
1853 2125 1939 2184 libros

1141 2222 1257 2286 Tolosae,
1272 2235 1344 2278 anno
1359 2219 1442 2287 tort,
1459 2220 1553 2276 edidit.
1568 2218 1597 2274 ln
1613 2219 1699 2292 primo
1718 2218 1800 2278 variis
1816 2213 1870 2274 tam
1894 2233 1939 2274 sa-

1141 2328 1260 2379 cromm,
1275 2327 1355 2384 qnam
1371 2313 1574 2384 prophanorum
1600 2312 1762 2381 scriptorum
1776 2310 1940 2367 testimoniis

1143 2404 1268 2476 quadam
1284 2403 1432 2461 stabilitae
1446 2402 1599 2472 corrilrmat,
1613 2419 1673 2474 qua
1688 2403 1716 2458 in
1730 2401 1842 2458 tironii
1864 2402 1940 2461 libris

1144 2498 1243 2568 scripta
1259 2496 1374 2568 legimus
1393 2495 1427 2552 de
1446 2496 1512 2560 beo,
1527 2495 1587 2567 ejus
1608 2495 1753 2562 attributis,
1766 2503 1795 2552 et
1813 2495 1939 2551 bumana

1141 2590 1239 2644 animae
1254 2589 1413 2661 incorporea
1428 2588 1629 2660 immortalique
1647 2598 1751 2643 natura.
1766 2586 1820 2644 Sed
1841 2602 1942 2660 magno

1142 2681 1249 2740 silentio
1266 2681 1341 2752 plura
1355 2681 1416 2736 alia.
1430 2680 1560 2752 praeteriit
1588 2696 1652 2752 qum
1666 2680 1707 2736 vel
1720 2679 1802 2756 patrio
1815 2679 1939 2748 liberius,

1142 2774 1185 2830 vel
1209 2775 1353 2831 obscurius
1378 2772 1413 2828 ab
1438 2773 1485 2828 illo
1508 2773 1578 2832 dicta
1605 2773 1688 2830 luisse
1715 2773 1792 2832 multi
1817 2789 1939 2848 conque-

1142 2873 1251 2921 rantur.

1179 2955 1304 3013 Secundo
1318 2956 1485 3029 Bnletrgerus
1500 2971 1551 3012 stro
1564 2957 1590 3012 in
1618 2956 1688 3013 libro
1701 2957 1760 3016 trae
1773 2960 1840 3014 citat
1852 2960 1941 3015 brno-

1143 3048 1179 3105 bii
1199 3050 1300 3107 rerba:
1320 3070 1330 3104 r
1351 3049 1453 3105 Rideris
1479 3051 1646 3123 temporibus
1667 3050 1762 3121 priscis
1777 3049 1874 3107 Persas
1885 3050 1939 3108 ssu-

1142 3146 1213 3201 vium
1228 3143 1357 3212 coluisse,
1373 3143 1529 3199 memoralia
1546 3154 1575 3199 ut
1598 3143 1717 3199 indicant
1740 3144 1857 3215 scripta;
1872 3163 1882 3197 t
1895 3155 1940 3203 at·

1104 3251 1195 3314 Cque
1220 3239 1301 3293 etiarn
1327 3238 1392 3293 illa:
1408 3257 1417 3289 r
1433 3236 1469 3293 Er
1493 3236 1562 3293 inter
1582 3237 1708 3308 assyrios
1721 3248 1750 3293 ct
1770 3237 1938 3307 Bactrianos,

1142 3331 1212 3387 Nion
1223 3330 1340 3402 quodam
1360 3330 1558 3402 zoroastreque
1574 3331 1746 3397 ductoribus,
1759 3348 1813 3388 non
1835 3342 1940 3390 tantuna

1142 3426 1215 3484 lcrro
1229 3427 1413 3493 dimicaretur,
1428 3436 1455 3482 ct
1478 3426 1591 3493 viribus,
1603 3441 1697 3483 rerum
1719 3428 1801 3483 ctiam
1830 3429 1942 3499 magicis

1145 3531 1173 3578 et
1193 3521 1381 3578 Citaldauorunt
1393 3537 1426 3576 cx
1451 3521 1599 3577 reconditis
1619 3519 1770 3592 disciplinis
1788 3542 1798 3575 t
1814 3520 1938 3597 (Arnon,

1144 3614 1189 3670 lib.
1206 3629 1242 3679 vr,
1259 3632 1285 3683 p.
1312 3612 1384 3679 1963
1401 3625 1428 3667 et
1450 3613 1495 3667 lib.
1520 3629 1540 3679 r,
1552 3630 1579 3682 p.
1605 3612 1644 3683 5).
1664 3611 1712 3667 iiis
1725 3596 1789 3669 vero
1802 3614 1942 3670 dumtaxat

1143 3707 1254 3763 arnobii
1268 3707 1369 3772 verbis,
1382 3716 1518 3777 tamquam
1529 3704 1609 3771 buius
1621 3703 1734 3760 secundi
1749 3704 1810 3760 libri
1825 3706 1865 3760 sni
1880 3708 1941 3761 tlte-

1145 3812 1217 3857 mate
1231 3810 1258 3856 ct
1271 3811 1432 3871 argumento
1442 3797 1598 3871 propositis,
1614 3797 1697 3853 muita
1713 3800 1828 3870 undique
1838 3799 1941 3873 colligit

1143 3903 1171 3950 et
1197 3894 1350 3949 accumulat
1370 3893 1403 3948 de
1429 3892 1530 3959 Persis,
1551 3890 1646 3957 Medis,
1674 3890 1791 3957 Partitis,
1806 3893 1936 3965 Assyriis,

1143 3985 1311 4060 Babyloniis,
1331 3984 1427 4058 bingis,
1454 3982 1600 4052 Citaldaeis,
1625 3984 1783 4056 illorumque
1806 3986 1937 4054 moribus,

1143 4081 1196 4137 diis
1212 4090 1239 4137 et
1258 4081 1352 4146 sacris,
1368 4095 1428 4152 quac
1446 4096 1461 4133 a
1476 4078 1597 4133 Bnrnaba
1614 4078 1751 4134 Brissooio
1777 4080 1804 4134 in
1829 4094 1879 4135 suo
1905 4080 1940 4137 de

1143 4173 1258 4245 imperio
1271 4172 1415 4229 Persarum
1429 4171 1498 4227 libro
1510 4174 1612 4226 omissa
1623 4169 1742 4227 luerunt.
1751 4170 1804 4228 Sed
1815 4174 1875 4244 quis
1885 4189 1941 4231 nco

1147 4265 1222 4322 videt
1234 4266 1292 4320 nac
1306 4266 1397 4321 omnia
1411 4280 1464 4319 nou
1479 4264 1566 4335 magis
1581 4263 1727 4320 arnobium
1744 4275 1864 4321 nostrum
1876 4282 1940 4338 spe·

1144 4367 1229 4425 clare,
1252 4373 1333 4428 quarn
1356 4354 1524 4414 Clementem
1548 4355 1783 4427 Alexandrinum,
1806 4369 1834 4413 et
1857 4360 1940 4416 aliurn

1144 4451 1292 4521 quemlibet
1304 4450 1466 4522 scriptorem
1478 4491 1486 4517 ,
1499 4448 1545 4521 qui
1556 4448 1664 4517 eadem,
1675 4458 1755 4522 atqne
1765 4450 1845 4506 etiarn
1860 4453 1941 4525 lunge

1144 4544 1221 4617 plura
1234 4542 1269 4598 de
1284 4543 1380 4599 iisdem
1397 4541 1506 4614 populls
1521 4544 1658 4598 memoria
1673 4541 1868 4613 prodiderunt‘.l
1881 4544 1941 4601 linc

296 4649 380 4720 cepit.
393 4644 421 4699 ln
436 4660 461 4716 pr
468 4641 521 4697 itna
535 4619 625 4695 aittem
641 4634 761 4692 editione
788 4634 953 4690 brevissimis
977 4645 1131 4713 arrunte-1)
1144 4636 1259 4703 aceedit,
1274 4635 1347 4707 quud
1372 4651 1403 4691 ea
1427 4636 1518 4691 omnia
1544 4651 1604 4706 quae
1619 4634 1690 4691 ldcnr
1706 4635 1873 4708 bulengerus
1884 4654 1941 4695 noo

294 4740 416 4799 tionibus
431 4733 519 4791 varias
535 4740 624 4788 textus
647 4726 759 4784 llrnubll
780 4726 909 4782 lectiones
924 4726 1034 4793 indicat,
1046 4736 1093 4783 aut

295 4837 355 4907 ejus
375 4831 446 4889 dicta
471 4827 560 4885 citatis
583 4837 654 4894 saepe
677 4820 791 4877 aliorum
809 4828 947 4876 auctorum
962 4820 1048 4887 lrbris,
1065 4829 1093 4877 et

295 4944 358 4986 raro
371 4922 462 4981 verbis
476 4918 654 4977 corroborare
677 4913 797 4969 rnulltur.
821 4914 991 4984 Quapropter
1006 4913 1032 4968 in
1048 4929 1092 4970 se·

293 5021 383 5081 cnrrda
397 5018 516 5075 editione
536 5011 613 5077 alias,
629 5008 672 5065 bis
687 5008 822 5080 plerisque
835 5006 962 5061 aturribus
975 5007 1090 5075 relictis,

297 5111 456 5184 divulgavit.
470 5106 613 5163 bectonem
623 5114 774 5157 verorurtm
790 5099 917 5154 admonet
929 5112 960 5153 se
973 5099 1000 5153 iu
1012 5098 1092 5153 ontis

293 5212 347 5270 illis
363 5200 601 5265 observationibus
626 5195 651 5251 id
674 5194 842 5267 potissimum
863 5191 962 5269 egisse,
975 5200 1004 5247 nt
1027 5206 1091 5247 sen·

294 5320 355 5361 sum
368 5310 456 5357 auctor
465 5295 499 5363 is,
514 5292 559 5349 ubi
574 5289 715 5346 obscurior
725 5297 778 5354 est,
793 5295 847 5340 tarn
868 5285 996 5352 breviter,
1008 5298 1090 5355 quarn

294 5409 388 5472 aperte
410 5390 559 5463 explicaret
579 5395 607 5442 et
631 5384 855 5454 interpretaretur
878 5378 924 5455 (ln
947 5379 1091 5434 otanitood

295 5486 422 5559 Lecton).
438 5484 492 5541 Sed
518 5475 640 5552 quamvls
658 5473 784 5531 brevitati
810 5488 840 5528 se
861 5471 995 5529 studuisse
1009 5476 1092 5544 prull-

296 5594 405 5652 teatur,
438 5583 545 5634 constat
571 5584 661 5628 tamen
686 5570 713 5623 iu
736 5564 1013 5622 animadversionibus
1038 5564 1093 5621 illis

296 5674 383 5735 multa
397 5667 514 5728 interriri
536 5675 736 5737 supervacanea
760 5667 841 5728 arque
864 5655 979 5723 inutilia,
995 5655 1094 5727 quibus

297 5786 344 5829 res
359 5762 518 5825 clarissima
534 5774 566 5815 ac
580 5754 803 5824 notissimae,ulla
816 5752 919 5821 absque
933 5751 1094 5809 necessitate

300 5850 748 5935 exponunturconllrmantarque.
773 5845 853 5903 Plora
867 5842 948 5904 etlam
973 5843 1095 5917 reperies

1145 4735 1204 4790 sine
1220 4730 1313 4787 labore
1325 4740 1353 4786 et
1366 4729 1467 4801 sigiliis
1481 4744 1512 4786 se
1524 4730 1685 4801 cenapilasse
1699 4729 1773 4795 dicit,
1790 4730 1858 4784 nibil
1881 4730 1941 4788 lere

1144 4824 1177 4879 ad
1198 4822 1303 4879 illorum
1318 4821 1469 4876 aliorumve
1493 4820 1606 4876 arnobii
1621 4820 1767 4877 verborum
1782 4821 1939 4879 conducunt

1144 4912 1707 4986 aotexplicationem,antirrtelligeutiam.

1180 5008 1265 5065 Porro
1279 5017 1368 5063 autem
1393 5021 1427 5062 cx
1450 5007 1492 5060 liis
1514 5022 1574 5076 quar
1598 5021 1613 5059 a
1639 5006 1717 5062 nobis
1731 5006 1798 5063 citra
1812 5016 1853 5063 tot
1867 5008 1940 5065 rire·

1143 5120 1214 5171 rum,
1228 5118 1343 5176 qnorum
1358 5100 1466 5157 laborcs
1480 5110 1507 5155 ct
1530 5098 1711 5156 eruditionem
1734 5099 1884 5168 laudamus,
1899 5101 1939 5156 vi·

1142 5196 1339 5270 tuperatlouent
1355 5194 1498 5250 observata
1520 5204 1599 5259 sunt,
1622 5208 1701 5247 nemo
1716 5208 1791 5259 sane,
1807 5195 1844 5249 uti
1859 5204 1938 5266 puta·

1143 5306 1216 5358 mos,
1231 5288 1391 5347 diiiitelrltur
1411 5288 1487 5360 plura
1502 5285 1528 5342 lo
1552 5287 1664 5343 llrnobii
1679 5285 1757 5343 libris
1777 5286 1891 5343 obscura
1907 5303 1939 5344 ac

1143 5384 1306 5443 dilicillimn
1325 5382 1358 5440 de
1371 5383 1454 5435 variis
1469 5380 1550 5436 rebus
1575 5379 1734 5450 propbaois,
1750 5393 1783 5437 ac
1804 5381 1939 5452 precipue

1143 5478 1290 5538 christiana
1314 5476 1475 5547 religione,
1503 5474 1643 5545 sacrisque
1671 5475 1744 5531 illius
1769 5474 1939 5546 dogmatibus

1145 5575 1203 5632 loca
1218 5573 1342 5644 reperiri,
1361 5588 1421 5642 quae
1437 5568 1471 5625 nb
1485 5570 1611 5625 omnibns
1631 5571 1825 5640 praetermissa,
1837 5571 1939 5641 majore

1146 5679 1248 5734 tamen,
1263 5680 1342 5737 quarn
1367 5672 1465 5720 caetera
1493 5663 1583 5717 onrnia
1610 5664 1783 5735 expositione
1808 5664 1937 5736 indigent.

1143 5758 1185 5817 nd
1201 5774 1232 5815 ea
1245 5758 1329 5830 igitur
1342 5752 1502 5827 explicanda
1518 5762 1546 5810 et
1567 5752 1762 5822 confirmanda,
1775 5762 1821 5809 aut
1842 5756 1942 5827 impro-

1147 5850 1237 5911 banda
1259 5859 1287 5909 et
1301 5846 1451 5920 relicienda
1471 5849 1555 5904 totins
1570 5844 1668 5915 nostrl,
1682 5844 1880 5918 qualecumque
1898 5848 1942 5917 slt,
