4150 6250
274 265 328 326 955
835 265 974 325 lubenti
994 264 1179 327 ADVERSUS
1197 265 1332 323 tontes
1880 249 1936 317 950

276 383 384 456 quande
399 380 530 453 ingruerit
544 380 586 435 ris
608 378 740 451 quapiam
761 380 880 451 gravior,
899 400 978 452 quam
995 384 1075 439 linem
1090 390 1114 447 Α
1129 384 1235 450 saer-ire,
1253 389 1356 438 tantum
1372 391 1384 420 e
1398 381 1481 436 aretis
1494 389 1520 436 et
1532 379 1663 452 gravibus
1679 375 1808 434 relevatis
1823 379 1937 434 nos-uia.

277 492 389 533 neeesse
404 478 438 528 sit
452 489 533 528 conse
544 472 599 541 qui,
615 486 675 527 eam
692 488 744 526 uun
769 473 879 542 liutem,
896 491 945 530 me
965 477 1057 546 lugere
1136 475 1213 539 eolis,
1223 476 1287 527 etad
1297 471 1503 528 lumeuellieitis
1514 471 1682 527 circumcisis
1691 470 1935 527 neribuserolare.

275 585 330 640 quo
341 566 444 622 lucilius
456 566 516 619 exui
531 564 718 634 corporalibus
734 566 896 634 pussiumse
912 567 1036 632 uinculis,
1053 575 1080 621 et
1139 603 1141 610 ι
1169 565 1309 621 bxxtttt.
1327 566 1416 634 Quare
1439 567 1561 621 ltomines
1580 565 1716 620 abstinete
1736 563 1937 634 quaestionibus

276 660 446 716 terrebrosam
460 657 576 713 eradere
589 656 749 711 eaecitatem.

312 751 550 821 inutiliaque
575 752 637 818 ista,
657 767 737 821 quam
762 753 862 820 dicitis,
879 753 1076 823 persecutionis

274 848 405 918 asperitas
419 848 542 901 liberatio
563 853 653 900 nostra
678 854 730 909 est,
754 861 806 900 nun
832 847 1000 914 persecutio;
1024 859 1075 900 nee

275 958 384 1014 poenam
399 941 505 995 resatiu
521 938 626 1006 inseret,
644 937 691 993 scd
707 938 740 993 ad
761 939 849 995 lneem
866 941 996 994 libertatis
1010 941 1076 994 edu·

275 1047 339 1092 cet:
361 1044 390 1089 ut
413 1034 437 1088 si
459 1033 557 1103 aliquis
580 1032 674 1086 brutus
698 1047 729 1084 ac
754 1032 869 1085 stolidus
892 1032 917 1084 iu
941 1046 1078 1086 eareerem

276 1130 413 1187 bominem
437 1130 541 1188 datum,
558 1127 738 1200 questionum
760 1143 905 1197 numquam
926 1129 1034 1181 allicere
1050 1143 1080 1183 se

277 1224 404 1298 grauibus
419 1233 500 1293 atque
516 1221 680 1277 irutnanibus
700 1221 838 1276 existimet
861 1222 957 1290 pmuis.
978 1221 1028 1276 uisi
1053 1222 1078 1277 in

279 1320 366 1389 ipsum
389 1317 483 1372 satiat
504 1331 659 1383 carcerem,
675 1315 816 1370 materiam
830 1315 888 1386 ejus
902 1317 1077 1381 commirmat,

277 1420 360 1482 atque
375 1421 435 1465 urat
456 1419 566 1472 teetunt,
583 1412 725 1479 parietem,
737 1409 843 1479 ianuas.
858 1423 1002 1480 panesque
1012 1411 1079 1464 alias

277 1506 369 1577 operis
382 1502 507 1567 renudet,
522 1502 646 1571 dejiciat,
663 1501 780 1573 allligat,
796 1502 921 1556 neseims
937 1503 988 1557 bue
1008 1502 1080 1559 iacto

276 1603 312 1670 ei,
329 1601 372 1656 cui
390 1595 722 1660 circumamiciatur
744 1596 778 1649 ab
794 1612 823 1649 se
838 1595 925 1650 lucem
946 1606 974 1651 et
993 1596 1081 1650 scele-

1132 659 1224 713 raeuis
1240 658 1370 728 impedire
1382 674 1445 728 spes
1456 669 1575 724 restras;
1589 672 1649 724 nee,
1665 659 1689 712 si
1703 655 1781 712 aliter
1793 669 1938 724 quomens

1131 752 1245 821 putatis,
1261 750 1363 820 aliquid
1377 768 1406 805 se
1427 751 1516 815 babet,
1533 751 1629 807 restris
1652 753 1741 821 potius
1759 750 1938 822 opinionibus

1135 847 1257 906 eredere,
1273 863 1352 917 quant
1376 850 1413 902 rei
1430 846 1536 902 debetis
1549 854 1679 917 augustae.
1694 845 1798 917 Urgent
1813 857 1938 916 tempora

1121 942 1258 1012 ‘periculis
1270 942 1358 1012 plena,
1368 951 1396 996 et
1406 941 1559 997 exitiabiles
1571 942 1712 996 inrmioent
1724 955 1822 1009 poeuae,
1836 939 1937 996 conlu-

1132 1037 1239 1108 giarrms
1261 1037 1293 1090 ad
1316 1038 1462 1092 salutarem
1479 1036 1576 1102 Deum,
1591 1050 1643 1091 nce
1657 1035 1789 1092 rationem
1814 1034 1939 1090 trinoctia

1133 1135 1271 1200 exigamus
1291 1130 1384 1185 oblati.
1399 1127 1467 1184 Cum
1482 1126 1517 1184 de
1530 1127 1681 1185 animarum
1695 1139 1789 1199 agatur
1803 1124 1817 1165 ‘¹
1830 1126 1938 1194 salute,

1132 1224 1210 1280 aede
1225 1234 1347 1292 respectu
1361 1225 1458 1285 riustri.
1471 1223 1572 1294 aliquid
1591 1232 1619 1278 et
1632 1223 1692 1279 sine
1711 1225 1813 1280 ratione
1827 1222 1940 1281 iacien-

1131 1314 1195 1369 dum
1221 1323 1272 1378 est,
1295 1324 1323 1369 ut
1346 1314 1499 1385 Epictetum
1515 1313 1616 1369 dixisse
1637 1313 1768 1385 approbat
1786 1315 1938 1370 Arrianus.

1133 1408 1300 1471 Dubitamus,
1314 1410 1484 1480 ambigimus,
1500 1422 1622 1464 neeesse
1634 1407 1706 1478 qued
1716 1407 1812 1464 dicitur
1823 1408 1939 1479 plenum

1134 1501 1194 1556 boet
1220 1500 1404 1571 suspicaturum
1418 1502 1620 1557 committamus
1644 1514 1694 1555 nus
1717 1500 1783 1568 ileo,
1798 1516 1850 1557 nce
1875 1501 1940 1572 plna

1133 1594 1204 1664 apud
1219 1611 1268 1649 trias
1284 1596 1371 1650 raleat
1385 1595 1559 1650 incredulitas
1579 1603 1684 1660 nostra,
1700 1609 1782 1665 quam
1799 1594 1871 1650 illius
1884 1610 1939 1651 tto·

279 1703 364 1750 ratam
380 1692 448 1760 eripi
463 1690 627 1756 eaecitatem3
652 1688 743 1744 itidem
764 1695 791 1743 et
806 1703 854 1741 ros
875 1686 1007 1750 ssauuuis,
1023 1687 1080 1742 exi·
1096 1715 1120 1775 B
1135 1689 1215 1743 minis
1228 1699 1255 1744 et
1271 1690 1397 1758 potemiae
1413 1689 1584 1759 magnitudo;
1597 1687 1704 1743 nedum
1721 1686 1789 1758 ipsis
1804 1686 1941 1744 uobisar·

279 1786 333 1854 llis,
348 1784 529 1843 eruciatibus,
544 1781 656 1845 belluis,
673 1781 770 1850 quibus
784 1794 898 1845 certiora
912 1778 1053 1833 lancinatis
1068 1788 1081 1816 ι
1135 1793 1259 1851 gumenta
1273 1782 1469 1852 conquirimus.
1479 1783 1646 1853 quibusesse
1659 1781 1783 1838 rideatur
1793 1780 1939 1851 ialsutnid,

279 1887 307 1935 et
317 1878 447 1932 divexatis
463 1881 565 1937 nostra,
579 1887 631 1927 nou
647 1872 727 1927 ritum
742 1871 847 1939 eripitis
862 1871 948 1930 uultis.
962 1872 1009 1925 sed
1021 1873 1077 1941 pel«¹
1135 1874 1942 1947 quodessenulimusatqueadnitimurrerum,obrepatdies

278 1971 367 2028 lieulis
378 1967 505 2024 celeratis
518 1976 545 2020 et
559 1966 665 2021 cutibus
679 1964 833 2028 nos;neseii
849 1963 919 2033 quud
931 1963 1081 2034 quantumb
1135 1975 1276 2021 extremus
1302 1975 1329 2022 et
1356 1966 1473 2022 inimicae
1496 1966 1593 2022 mortis
1611 1967 1781 2038 reperiamur
1807 1967 1834 2023 in
1853 1966 1942 2024 lauci-

278 2065 385 2122 instatis
409 2070 437 2119 ct
457 2059 567 2132 pergitis
582 2058 608 2113 in
623 2056 728 2128 elligics
742 2055 791 2110 ltas
802 2065 909 2111 nostras
922 2059 1082 2125 speciesque
1136 2059 1196 2115 bus.

890 2145 1081 2206 ttic'ttoutts
1101 2150 1312 2212 tolerantes.

309 2255 323 2283 ⁸
340 2247 526 2302 LaniatisFulr.

307 2317 322 2357 h
338 2315 417 2366 Tanto
431 2325 477 2363 ms.

1168 2248 1180 2276 ⁶
1197 2246 1277 2295 Tanto
1293 2259 1338 2298 nra.

1155 2307 1169 2346 d
1187 2309 1275 2372 Agitur
1286 2306 1338 2362 ulii.

967 2388 1254 2449 COMMENTARIUS.

277 2497 329 2554 lmc
349 2495 387 2551 ait
402 2489 556 2546 bruobins:
582 2485 736 2554 Quinimmo
758 2483 847 2540 edocti
873 2499 967 2539 sttruos
990 2486 1079 2540 urinas

277 2583 372 2626 ornnes
399 2563 548 2626 Fortuna,
589 2571 767 2629 quaet-,umque
790 2556 897 2611 landent
923 2557 975 2610 illae
999 2558 1079 2613 rniuae

277 2642 349 2701 sint.
364 2635 438 2708 parri
451 2634 552 2689 ducere
566 2640 594 2686 et
608 2630 752 2683 estimare.
772 2628 856 2695 llujns
871 2628 952 2692 igitur
968 2627 1019 2681 loei
1030 2631 1079 2682 ob·

277 2713 433 2768 scuritatem
450 2703 554 2775 peperit
568 2701 694 2756 dictionis
709 2699 851 2763 trajectio,
869 2698 993 2753 Fortunae
1005 2699 1077 2767 scil,

278 2782 350 2838 uude
373 2776 542 2848 seruientium
566 2773 709 2829 uerborum
733 2770 890 2840 depravatio
914 2782 1004 2824 secura
1024 2784 1076 2824 est.

281 2845 574 2911 flegma-bleramus
586 2845 625 2897 sic
640 2842 799 2910 distinguit:
819 2844 891 2906 parui
903 2842 994 2895 drrrere
1005 2854 1081 2908 urique

280 2935 418 2981 oestimure.
437 2920 561 2976 Fortunio
574 2932 605 2968 oe
617 2915 638 2967 ri
651 2919 763 2981 rpuurrdo.
783 2913 858 2966 llale.
874 2912 976 2967 Oneon.

315 2997 352 3051 Ae
366 2997 387 3049 si
400 2990 503 3066 quaudo
527 2986 651 3058 ingruerit
665 2986 701 3038 uis
714 2989 840 3054 qurrpr'um
857 2987 977 3056 grauior,
1002 3000 1078 3053 quum

279 3071 355 3141 finem
378 3080 476 3119 rtecerre
496 3061 529 3115 sit
541 3057 666 3120 -euureqrt
690 3073 745 3110 eoru
761 3072 806 3109 nee
819 3056 907 3109 titrrrre
919 3073 963 3108 nec
979 3059 1077 3127 fregere,

1134 2488 1194 2544 Vid.
1215 2491 1364 2563 supr.,ad
1378 2507 1438 2560 eap.
1465 2491 1549 2555 8.et
1569 2490 1602 2546 ad
1619 2490 1788 2565 lib.r.eap.
1802 2510 1858 2552 xor.
1885 2495 1943 2555 Pro

1132 2561 1271 2630 diceretis,
1287 2564 1331 2619 ed.
1353 2562 1438 2634 Lugd.
1456 2562 1534 2631 liat,
1551 2562 1627 2621 dedit
1636 2564 1683 2619 diu
1695 2571 1792 2620 raetia
1805 2582 1840 2622 ex
1853 2579 1940 2626 msto.

1761 2638 1862 2694 ὓιιειι.

1169 2707 1300 2775 Querulum
1321 2707 1422 2763 instetis
1439 2747 1494 2761 .....
1517 2717 1616 2762 tuntum
1629 2708 1694 2764 artis
1705 2718 1729 2764 et
1739 2712 1857 2782 grandus
1870 2713 1943 2768 rele-

1131 2782 1197 2833 uutir
1213 2796 1258 2834 tros
1271 2779 1389 2833 uinculis.
1406 2776 1542 2835 Stewech.
1560 2780 1611 2850 leg.
1625 2789 1729 2835 censet.
1743 2800 1750 2836 ι
1766 2792 1858 2852 gerute
1877 2783 1943 2838 irta-

1133 2853 1193 2905 turir
1208 2889 1264 2904 .....
1281 2862 1351 2905 rento
1365 2851 1438 2913 rrrrir,
1454 2851 1485 2905 'id
1505 2859 1546 2905 est
1559 2861 1630 2905 teuto
1644 2853 1725 2923 ntugir
1738 2852 1819 2906 eretis.
1835 2852 1938 2925 idagia,

1132 2923 1201 2994 plus,
1214 2922 1313 2990 trelius,
1326 2933 1379 2976 ete.
1393 2922 1492 2992 sapius
1503 2922 1687 2992 ornittiturap.
1702 2922 1810 2979 Latinos
1820 2925 1852 2980 ad
1868 2941 1943 2982 crin·

1132 2997 1302 3049 suetudinem
1328 2993 1496 3049 Graecortun.
1520 2991 1558 3046 lta
1586 2993 1635 3048 lib.
1655 3010 1675 3059 t,
1695 3010 1755 3064 cap.
1772 3011 1824 3051 utut
1837 3014 1844 3049 z
1858 2996 1941 3064 fidem

1132 3067 1221 3120 uicinis
1235 3075 1259 3119 et
1274 3066 1400 3133 duitimis,
1412 3081 1489 3135 quem
1498 3065 1642 3133 spuriorum
1653 3069 1735 3121 iurare
1751 3067 1941 3139 longinquitate

278 3159 328 3213 que
339 3138 452 3211 lucilius,
462 3132 561 3188 etclta
574 3132 660 3184 locum
675 3130 776 3196 optime
787 3128 918 3195 disposuit
936 3129 1077 3191 llemldns,
1094 3134 1116 3197 C
1133 3139 1293 3193 puppianus,
1321 3136 1394 3192 ptem
1416 3138 1585 3193 stewechius
1599 3154 1647 3206 pp.
1658 3139 1766 3193 stupuit,
1780 3139 1881 3207 {egisse
1896 3142 1939 3196 pi.

279 3214 324 3284 qui
349 3213 374 3264 in
398 3205 562 3261 editionibus
577 3200 709 3269 prioribus
725 3202 896 3254 vitiosisque
913 3199 948 3252 ita
961 3201 1076 3268 iegitur:

280 3320 336 3339 .....
359 3277 484 3344 Consectari
507 3273 650 3327 adscribere
672 3272 829 3341 infortunio:
855 3271 1008 3333 oolrrptutmu
1032 3286 1077 3322 uec

278 3357 367 3410 timete
380 3367 423 3404 ner
435 3351 539 3416 lugere:
555 3342 604 3399 tltu
618 3344 697 3398 rerba
714 3342 857 3395 adscribere
871 3342 1012 3410 infortunio
1028 3342 1078 3393 tlu-

278 3426 324 3482 bio
350 3422 442 3489 prneul
464 3433 522 3471 orta
545 3427 606 3470 sunt
622 3430 636 3465 a
654 3414 764 3467 librario
791 3412 870 3467 rerba
896 3412 1077 3477 praecedentia

277 3498 404 3553 oertirnure
427 3494 537 3566 {ortatur
550 3488 576 3540 in
591 3483 711 3553 margine
726 3484 795 3538 tuale
812 3485 1023 3550 interpretante,
1050 3493 1077 3538 et

277 3569 304 3625 in
330 3577 410 3623 tertio
432 3577 496 3619 cusu
520 3560 680 3629 accipiente,
701 3570 761 3609 ottm
776 3555 810 3609 sil
822 3554 967 3619 securlus,
985 3553 1016 3607 :ul
1033 3570 1078 3608 se·

278 3638 388 3711 quentia
400 3635 461 3691 dein
476 3632 577 3691 uerba,
603 3644 649 3681 nec
671 3643 771 3696 poerrum
797 3626 895 3679 nasutio
909 3626 1000 3695 lugeret
1011 3668 1018 3686 ,
1031 3626 1078 3678 ad-

277 3712 412 3767 scribeute
428 3707 454 3760 iu
469 3703 566 3759 endem
580 3699 720 3768 margine:
737 3697 781 3751 sed
795 3697 959 3765 uoluptatem.
982 3695 1078 3751 Editor

277 3782 362 3853 ergd.
383 3781 441 3834 bar.
462 3773 591 3843 refringit:
620 3769 677 3835 Quo
696 3769 773 3838 linem
800 3784 898 3821 necesse
913 3770 944 3820 rit
959 3768 1079 3836 corrrequi

277 3855 344 3918 uitur,
362 3864 474 3906 eunrnee
496 3848 603 3904 tituere,
626 3854 679 3897 ete,
708 3841 761 3895 Sed
781 3840 841 3906 tino
862 3839 986 3892 situatum
1007 3838 1078 3893 idem

278 3926 348 3995 quml
366 3936 456 3984 mors,
473 3929 501 3972 nt
522 3914 681 3983 sepissime.
710 3911 811 3966 Sensus
833 3911 922 3979 itaque
947 3920 990 3963 est
1014 3929 1021 3963 ι
1049 3912 1080 3963 Si

277 3997 379 4068 quaudo
393 3989 517 4062 ingruerit
532 3987 568 4041 uia
581 3985 708 4053 queniam
731 3985 845 4054 grauior,
861 3998 937 4050 quum
951 3981 1027 4050 pinam
1042 3981 1081 4050 (iti

279 4077 316 4122 est
330 4062 448 4135 nmrtem)
460 4078 529 4132 requi
542 4059 579 4112 erl
590 4058 708 4126 excipere
731 4070 831 4107 trecesse
845 4054 888 4106 ait.
904 4053 1006 4107 Onnes.

315 4135 445 4192 bxxtltt.
471 4161 507 4174 -
529 4128 563 4183 ln
590 4142 716 4180 currerem
742 4128 868 4178 bemineru
897 4129 985 4176 dutum
1011 4137 1079 4190 qure-

278 4215 403 4269 stiouum.
429 4213 480 4259 cte.
506 4203 544 4257 tra
569 4200 688 4253 correxit
713 4196 789 4249 Fulv.
816 4195 940 4255 Ursinus,
967 4194 1076 4261 optimc.

278 4283 413 4340 Codrus.
432 4278 618 4329 :incurrerent
645 4269 773 4323 lromiuem
800 4276 908 4327 rmturn,
935 4265 1079 4334 inpressum

278 4353 516 4425 questionummto.
526 4352 663 4410 corrttpte;
678 4354 738 4393 nunt
751 4340 894 4407 ingressum
906 4338 1078 4389 mamlestnnt

278 4427 411 4507 glossema
427 4429 478 4471 est.
494 4414 614 4469 liaustu.
628 4410 689 4475 atii,
702 4410 775 4463 serbi
788 4424 879 4471 eausa,
894 4407 1076 4460 Elmenburst.

279 4510 306 4551 ttt
323 4492 367 4548 ed.
385 4488 501 4550 lliuott„
515 4485 540 4537 iu
553 4498 654 4536 rorone
669 4481 797 4534 nerninem
812 4482 971 4530 rlmnuutunt.
983 4476 1017 4532 br
1030 4480 1079 4530 Ar-

279 4565 376 4621 nobtus
388 4573 525 4620 currerem,
539 4555 575 4607 ita
590 4555 713 4619 eorporis
730 4549 809 4613 ltaue,
825 4564 876 4619 qna
891 4549 1007 4602 arrinram
1032 4548 1080 4602 dra·

279 4710 399 4765 ,lentiam
412 4700 477 4757 Gau.
493 4700 518 4751 iu
534 4695 737 4763 Tlretrpltrastu:
751 4693 862 4751 uittculu,
876 4689 972 4762 δεσμὰ,
988 4691 1080 4744 Arria·

279 4794 331 4835 nus
343 4777 368 4832 in
383 4772 484 4843 Epiri..
496 4769 543 4824 lrb.
559 4783 578 4835 ι,
590 4766 677 4835 capi
691 4783 698 4818 :
710 4765 823 4818 tunicum
836 4774 881 4818 ant
892 4766 1078 4826 irritamentum,

279 4849 432 4909 fiatneque,
448 4842 482 4897 de
493 4840 552 4895 nn.
568 4841 653 4899 burn..
665 4851 725 4906 eap.
739 4851 778 4899 m,
792 4846 844 4888 ete.
858 4834 915 4888 tid.
928 4835 959 4889 C.
971 4834 1077 4900 Bauli,

280 4921 440 4981 Adversas..
455 4912 501 4967 lib.
515 4927 580 4976 unat,
595 4926 654 4979 cap.
673 4908 716 4970 tt.
730 4923 757 4977 p.
772 4906 852 4972 litte,
867 4922 908 4975 sq.
923 4908 1024 4961 bustu.

318 4992 476 5047 Sceleratum
501 4985 649 5039 cecitatem.
673 4980 711 5034 lta
735 4978 829 5049 tregit.
842 5021 849 5036 .
864 4977 961 5047 Georg.
974 4993 1002 5041 ιι,
1013 4975 1077 5032 256.

281 5064 440 5121 Sceleratum
454 5056 586 5126 exquirere
603 5054 694 5124 frigus,
708 5052 734 5106 id
751 5062 792 5105 est
808 5052 929 5115 troilum,
945 5049 1080 5103 ruotesrts-

280 5138 388 5192 simunt.
404 5129 523 5185 etlintil.
540 5125 615 5189 ltin..
632 5139 651 5185 r,
663 5124 716 5178 bi:

342 5226 478 5280 Obruerint
490 5222 563 5271 eitius
574 5215 697 5268 scelerata
707 5213 797 5263 oblivia
809 5213 896 5262 sulem

280 5317 323 5372 nbi
339 5313 391 5367 uid.
408 5315 492 5379 intpp.
509 5303 587 5360 Cani.
606 5302 638 5357 C.
654 5300 763 5366 Baetin,
789 5300 922 5360 advers..
946 5298 992 5354 lib.
1015 5313 1078 5363 aar,

280 5401 340 5456 cap.
357 5399 402 5444 ar.
417 5398 443 5452 p.
461 5378 537 5434 tatu.
553 5376 656 5455 Osset..
889 5443 894 5454 .

317 5453 465 5510 boneirmtir
479 5463 501 5503 et
515 5450 648 5503 tirrannus.
674 5443 797 5500 Glossrc:
815 5443 940 5497 Letterno.
957 5443 1079 5505 θυνιὰζω.

280 5527 377 5589 Papias
393 5541 401 5578 :
415 5522 570 5585 Leueiuere,
584 5516 724 5581 trucidare,
738 5515 861 5568 lacerare.
878 5513 1007 5568 Prudeut.
1020 5516 1082 5587 περὶ

280 5599 407 5672 &teitaun
420 5613 427 5649 τ

344 5687 397 5738 llee
405 5696 480 5735 omne
491 5683 558 5747 qued
570 5680 720 5732 lancinamur
731 5689 780 5728 nen
789 5675 866 5726 dolet.

902 5757 1026 5816 tarracia.

1132 3211 1210 3265 detur
1224 3210 1289 3263 telis.
1312 3207 1420 3277 Quodsi
1435 3209 1521 3263 ecod.
1540 3224 1590 3263 urs.
1608 3210 1695 3274 lltrait,
1710 3226 1765 3265 non
1780 3210 1857 3279 plane
1870 3211 1938 3281 reji-

1131 3281 1256 3336 ciendum
1271 3281 1398 3343 arbitror,
1416 3280 1543 3335 nimirum
1557 3295 1572 3334 a
1586 3281 1647 3337 triu.
1662 3296 1693 3335 e.
1715 3280 1849 3337 Cartertuu
1873 3297 1938 3339 eunt

1132 3364 1225 3407 nostro
1241 3353 1301 3406 luen
1316 3352 1385 3405 bene
1399 3363 1535 3418 comparat
1546 3351 1806 3413 Etruriaml-semia
1817 3352 1897 3410 ruse.
1907 3370 1937 3409 t:

1132 3421 1275 3489 Nascere,
1290 3425 1312 3477 ri
1325 3422 1388 3491 quid
1401 3424 1453 3476 tule
1464 3423 1603 3486 occiderit,
1620 3434 1646 3475 ιιι
1659 3440 1674 3476 ιι
1688 3421 1743 3478 Deo
1758 3426 1939 3481 denuntiatam

1131 3495 1263 3561 uideatur,
1291 3504 1318 3547 ut
1341 3509 1462 3549 escuinus
1477 3500 1556 3548 onitu
1576 3495 1643 3557 lteri,
1672 3505 1696 3548 et
1714 3507 1818 3562 ugentes
1836 3499 1939 3568 gratias

1131 3583 1288 3636 parcuntur,
1314 3566 1445 3636 euriitique
1459 3581 1506 3621 uos
1521 3580 1534 3620 e
1547 3566 1681 3632 ennodio,
1696 3575 1720 3620 et
1735 3565 1815 3623 kauri
1827 3569 1939 3625 viriculis

1131 3638 1294 3692 arbitremur.
1310 3637 1413 3692 dasne.

1169 3730 1311 3786 lxxtttt.
1339 3762 1375 3772 -
1404 3731 1508 3803 Aliquid
1535 3742 1559 3786 et
1585 3732 1640 3787 aine
1665 3733 1764 3787 rutiorte
1787 3734 1939 3801 ieeierrdrrur

1134 3814 1180 3859 ert.
1204 3804 1323 3873 Nempe,
1351 3803 1395 3858 nbi
1417 3805 1486 3858 ratio
1510 3802 1612 3869 deileit,
1641 3802 1677 3858 ibi
1703 3804 1760 3858 sola
1788 3806 1885 3861 fiducia
1908 3811 1938 3862 in

1136 3876 1219 3930 ileum
1246 3875 1376 3943 reposita,
1401 3884 1429 3929 et
1451 3875 1581 3946 obsequio
1604 3873 1736 3930 rrrluutati
1751 3876 1856 3945 eiusab
1872 3878 1936 3946 ipso

1135 3947 1278 4002 declaratae
1290 3947 1368 4001 unica
1381 3945 1503 4015 subiecto
1517 3945 1649 4016 agendum
1665 3956 1717 4001 est.
1728 3944 1806 4001 Cotti.
1819 3946 1937 4012 Enobir.

1137 4034 1226 4082 saxu,
1242 4021 1268 4077 5.
1286 4020 1330 4072 ubi
1346 4017 1486 4083 Epictetus
1503 4018 1634 4086 praecipit,
1649 4016 1684 4072 de
1699 4016 1733 4073 iis
1747 4018 1828 4074 rebus
1848 4019 1938 4076 beorn

1133 4104 1194 4145 essu
1205 4089 1411 4149 consulendum.
1425 4089 1468 4141 nbi
1479 4088 1611 4157 agendum
1622 4087 1702 4142 nobis
1712 4102 1765 4154 est,
1774 4100 1937 4157 nectaruen,

1132 4161 1195 4228 quut
1210 4162 1314 4216 consilii
1327 4161 1475 4230 capiamus,
1494 4160 1547 4213 ulla
1562 4160 1666 4213 ratione
1681 4171 1727 4213 aut
1740 4172 1799 4214 arte
1818 4161 1938 4219 hurrraua

1132 4235 1238 4299 assequi
1254 4236 1390 4292 ualemus:
1407 4231 1451 4286 abt
1465 4229 1522 4287 οὔτι
1537 4230 1658 4304 iaiiyeu.
1673 4229 1732 4286 οὔτι
1747 4234 1773 4286 ire
1784 4234 1879 4305 τέχνης
1894 4257 1938 4292 τι·

1131 4307 1172 4365 νὸς
1179 4302 1263 4365 fuine.
1274 4301 1566 4379 ἁφορμαὶδίδονταιπρός
1576 4304 1606 4358 τὸ
1612 4300 1724 4358 συνιδεῖν
1732 4306 1786 4361 τόπ
1844 4310 1937 4379 iprum.

1132 4375 1379 4435 Seuttmottausstt.
1395 4378 1429 4426 ud
1448 4373 1556 4444 Epictet.
1574 4372 1693 4444 Fragor„
1706 4391 1732 4429 u.
1750 4324 1841 4431 lilim

1171 4445 1204 4501 ilr
1232 4445 1377 4513 Epictetum
1400 4444 1496 4498 dixisse
1517 4445 1642 4514 opprobrat
1658 4446 1794 4501 Atrinum.
1821 4446 1940 4504 Videtur

1093 4503 1286 4589 Dresperisse
1313 4517 1449 4573 Arrrobius
1474 4516 1508 4570 ad
1533 4517 1797 4573 Cunttneutariorum
1824 4520 1936 4575 Arriam

280 4636 368 4697 tirret,
393 4629 563 4684 triatrsionem
589 4634 693 4676 antrum
716 4621 781 4674 dieu
807 4619 984 4687 Empedocles
998 4661 1005 4679 .
1033 4636 1077 4687 ap.
1134 4590 1181 4674 im·
1192 4606 1211 4657 ¹⁹
1224 4605 1249 4643 ⁰·
1261 4590 1305 4648 Η·
1321 4588 1365 4644 ”bi
1379 4587 1522 4658 Epimems
1532 4586 1612 4642 ‘¹⁰⁰‘ss
1627 4606 1633 4642 ²
1649 4588 1781 4657 omnm
1791 4589 1934 4646 bmnium

1134 4678 1160 4715 tn
1176 4661 1302 4716 outuibus
1319 4661 1401 4714 [lenm
1416 4659 1504 4729 sequi,
1528 4658 1655 4730 illiusque
1677 4659 1804 4714 voluntati
1815 4674 1848 4717 se
1861 4660 1930 4714 srib-

1135 4734 1253 4792 mitterc.
1278 4733 1384 4787 etiarnsi
1399 4731 1584 4798 consiliosius
1606 4737 1633 4786 et
1658 4729 1795 4785 utilitatem
1820 4745 1934 4799 eorum,

1134 4820 1193 4875 que
1209 4805 1279 4860 [leus
1294 4804 1464 4874 preceperit,
1480 4816 1533 4859 nou
1546 4802 1654 4872 penitus
1669 4810 1806 4928 perspeata
1818 4799 1935 4859 lrabeat.

1780 4888 1859 4929 asto.

1172 4945 1300 5001 Nominis.
1317 4946 1394 5001 l'ulr.
1411 4945 1526 5002 Ursimrs
1539 4943 1661 5009 numinis,
1675 4944 1757 5001 male.
1774 4943 1879 5000 Osset.

1170 5018 1234 5073 Esar
1245 5017 1581 5083 uolimrrratqtreudnitimnr
1589 5032 1685 5071 uerum.
1697 5015 1748 5071 ΕιΙ.
1760 5015 1845 5085 bugd.
1856 5016 1915 5072 bat.
1926 5037 1936 5074 ε

1136 5088 1200 5146 Erae
1214 5091 1324 5145 noliruur
1339 5100 1414 5160 utque
1427 5088 1575 5143 nlnutemur
1590 5102 1687 5145 uerum.
1711 5087 1765 5144 sod
1781 5087 1817 5143 nil
1831 5097 1936 5143 mutau-

1134 5163 1209 5218 dum.
1233 5162 1388 5219 adnitimur.
1406 5160 1464 5214 scil.
1481 5176 1531 5213 ueu
1545 5175 1607 5223 rrae,
1623 5159 1695 5229 quud
1712 5174 1747 5215 er
1765 5160 1936 5229 praecedente

1134 5250 1188 5289 erre
1221 5234 1331 5288 uelimus
1360 5230 1625 5300 subintelligendum.
1653 5229 1727 5284 Talis
1755 5231 1935 5285 artaeolutbiae

1134 5306 1257 5374 exenqua
1281 5305 1351 5373 apud
1376 5314 1498 5359 nostrum
1522 5317 1602 5368 supra
1621 5299 1675 5370 iam
1697 5303 1851 5357 obseruata.
1880 5301 1934 5358 sed

1135 5385 1245 5447 prestat
1258 5377 1349 5445 legere
1362 5375 1501 5429 obnitimur
1514 5389 1575 5429 erran
1590 5372 1712 5429 Gesnero
1731 5373 1758 5427 iu
1781 5372 1933 5438 Ttresauro,

1133 5449 1178 5518 qui
1195 5449 1245 5501 ltuo
1260 5446 1538 5515 beliab-ieremplum
1563 5454 1688 5517 tanquam
1715 5444 1783 5510 aaut
1806 5444 1936 5517 λιγόμινον

1134 5519 1206 5576 citat.
1222 5520 1326 5575 Osset..-

1170 5609 1286 5665 luimieae
1307 5611 1396 5666 mortis
1410 5609 1568 5678 reperiemur
1580 5608 1607 5663 in
1622 5607 1749 5679 praeibas.
1774 5605 1835 5662 tid.
1851 5621 1935 5676 supra

1135 5681 1263 5751 adltuJus
1284 5681 1355 5747 libri,
1378 5683 1470 5749 eii,
1488 5683 1514 5735 iu
1540 5678 1787 5735 [limem-Barth.
1813 5677 1848 5734 ad
1861 5677 1932 5733 Siai.

1136 5753 1279 5811 nebtttcid.
1305 5771 1334 5822 n,
1349 5768 1421 5811 vers.
1439 5754 1503 5822 tte,
1519 5751 1576 5809 tol.
1591 5767 1632 5820 tu,
1647 5766 1708 5822 pag.
1730 5748 1811 5807 ttaa.
1826 5747 1931 5807 Οιιιιι..
