4150 6250
122 368 158 426 ll
690 365 733 422 bi}
752 354 944 420 visionibus
961 354 1199 419 Pttortttsmcts.
1740 351 1775 413 tt

122 481 182 540 hm
206 488 302 540 autem
321 484 411 559 χρόνῳ
436 484 532 541 πλείονι
553 480 769 554 persecutionem
786 476 857 548 passi
873 471 1032 544 nonAJam
1058 485 1136 532 antea
1161 476 1277 535 loturam
1303 476 1480 537 intellexerat.
1506 481 1540 537 Et
1554 482 1662 553 quidem
1677 481 1722 539 illa
1742 481 1777 538 de

120 586 201 633 eraut
222 574 389 639 christiani,
411 590 492 647 quam
519 574 601 629 ctiam
627 575 705 630 πάλαι
740 569 824 626 luisse
847 567 923 624 dicit.

119 667 246 740 magam
260 668 334 723 iiiam
349 682 445 738 pacem
459 668 570 724 omnino
584 666 713 722 denotare
728 661 835 719 videtur
848 661 926 731 errius

121 761 248 818 meminit
258 760 414 834 Cyprianus
429 759 474 833 (de
483 758 595 831 Lapa.);
611 757 781 814 interuallum
798 755 923 811 nimirum

120 868 137 910 a
161 853 356 924 persecutione
377 852 472 908 Severi
497 851 530 907 ad
548 852 620 907 illam
642 851 728 906 Decii.
752 849 809 905 liuc
832 858 923 904 atatem

119 953 248 1016 tempure
260 943 419 1016 prophetica
433 943 503 999 dona
518 942 588 1013 apud
603 942 766 1000 christianos
786 941 924 1013 riguisse,

120 1038 200 1095 testie
214 1039 274 1107 ipse
286 1049 328 1092 est
343 1036 379 1092 de
393 1050 444 1092 suo
455 1045 577 1105 tempure
590 1035 643 1093 lide
655 1035 830 1107 dignissimus
844 1074 852 1100 ,
878 1034 925 1103 qui

119 1140 148 1188 οι
185 1146 244 1187 rem
276 1144 386 1185 omnem
419 1128 641 1200 propheticorum
669 1129 802 1184 donorum
832 1125 924 1195 paucis

119 1221 248 1278 absolvit.
263 1220 330 1279 οὔτε
344 1229 396 1277 τῶν
409 1230 455 1282 τῆς
468 1222 579 1282 πίστιως
596 1221 731 1296 ἀλλοτρίων
744 1218 924 1295 παραπλήσιόν

118 1342 145 1375 τι
158 1327 215 1380 τοῖς
233 1322 378 1395 προφήταις
400 1321 567 1380 πεποιήκασι,
582 1313 641 1372 οὔτι
662 1319 780 1390 νιὼτεροι
799 1314 925 1386 antiperti

119 1418 166 1473 τὴν
178 1411 263 1472 Ἰησοῦ
278 1410 412 1485 ίπιδημίαν
430 1412 579 1487 ἱστόρηνται
599 1413 625 1465 ἐν
637 1409 766 1471 Ἰουδαίοις
780 1412 845 1470 τινίς
859 1429 923 1485 προ-

121 1508 308 1580 φητεύσαντες.
323 1507 353 1561 τί
372 1507 421 1581 γὰρ
435 1502 506 1578 ἅγιον
518 1509 623 1576 antipas
642 1503 801 1577 ὡμολόγηται
814 1504 925 1563 incusas

121 1600 331 1656 ααταλιλοιπὶναι
351 1598 531 1659 &sadducaeae
546 1599 582 1659 τίς
603 1599 646 1653 τὸν
664 1599 727 1662 doda,
744 1597 844 1651 καὶτὸν
859 1615 923 1670 προ-

121 1698 274 1770 parrods'm
298 1694 351 1748 dard
373 1699 424 1747 τῶν
441 1692 504 1767 παρ’
516 1692 603 1752 αὐτοῖς
617 1696 751 1767 προφητῶν
769 1688 777 1758 l
792 1685 851 1742 tit.
875 1701 923 1751 vlt,

978 569 1162 626 unanimitatis
1174 570 1280 627 deiectu
1295 572 1356 629 talis
1368 584 1427 629 erat
1436 575 1542 644 qualem
1555 574 1778 646 descripsitdpo·

977 662 1136 734 stultisque
1162 666 1218 736 ipsa
1242 682 1349 738 quoque
1362 667 1484 724 cordium
1502 673 1606 726 occulta
1633 669 1775 727 manifesta

977 755 1165 814 redderentur.
1181 759 1244 815 Erat
1259 770 1287 815 et
1310 761 1361 816 alia
1384 763 1513 818 revelatio
1536 779 1617 835 quum
1644 763 1677 819 ad
1691 763 1775 818 mini·

977 863 1050 903 mum
1075 849 1202 905 iamnlum
1219 852 1260 923 (se
1281 868 1313 908 ea
1328 854 1502 923 proculdubio
1530 870 1597 911 voce
1624 855 1776 927 denotarat)

977 939 1131 996 tnandatam
1154 944 1201 1009 ait,
1218 942 1262 999 dic
1283 944 1332 1009 illi,
1346 946 1442 1016 inquit,
1464 934 1576 1002 secururs
1589 947 1634 1013 sit,
1647 949 1708 1018 quia
1723 962 1775 1017 pax

977 1041 1089 1089 uentura
1104 1043 1156 1090 est.
1171 1035 1229 1092 lant
1241 1036 1320 1108 iunge
1334 1037 1448 1094 aberant
1467 1054 1480 1091 a
1497 1040 1570 1108 pacis
1593 1054 1642 1111 spe
1655 1055 1716 1096 eum
1732 1039 1775 1094 illa

976 1126 1108 1182 scriberet
1120 1125 1279 1199 Cyprianus.
1293 1129 1348 1187 Nec
1362 1143 1451 1187 tamen
1465 1133 1685 1189 dissimulandum
1698 1149 1777 1204 prop·

978 1228 1052 1275 terea
1079 1221 1208 1287 credidit,
1234 1224 1298 1293 quin
1315 1226 1404 1294 potins
1427 1226 1511 1295 ipsam
1538 1224 1608 1280 ltatno
1632 1225 1773 1295 epistolant

977 1313 1059 1369 luisse
1073 1312 1200 1371 iratribus
1210 1317 1361 1387 legendam.
1371 1318 1409 1374 lta
1420 1331 1523 1376 certunm
1535 1318 1569 1374 de
1582 1331 1681 1374 eretttn
1692 1318 1776 1373 luisse

976 1416 1093 1471 cunstat,
1111 1405 1168 1462 iore
1183 1407 1357 1465 nihilominus
1371 1410 1442 1481 ‹ptod
1457 1412 1619 1481 promissum
1633 1421 1701 1467 erat.

1011 1497 1076 1556 Octa
1088 1501 1274 1570 persecutione
1286 1504 1408 1559 secessit.
1417 1504 1444 1560 ld
1455 1520 1562 1575 qnoque
1578 1515 1606 1560 nt
1619 1506 1774 1577 Dionysium

977 1590 1073 1647 iecisse
1087 1593 1264 1659 ostendimus,
1279 1596 1318 1651 sic
1341 1597 1394 1650 ileu
1418 1597 1519 1666 paritet·
1541 1608 1654 1655 avortere
1668 1608 1775 1653 constat

976 1684 1308 1758 lecisseCyprianttm.rEt
1322 1688 1447 1757 antdictis,
1457 1690 1554 1762 inquit,
1564 1689 1776 1761 otrtttia‚qnando

120 1806 148 1860 p.
165 1786 232 1859 5³7)
249 1786 321 1841 idem
339 1800 421 1854 supra
433 1784 466 1839 de
480 1783 582 1840 ludaeis
596 1782 718 1838 lustinus
732 1791 842 1853 martyr.
858 1780 924 1837 Per·
974 1776 1009 1833 ad
1023 1793 1070 1833 vus
1092 1779 1218 1834 reducem
1235 1796 1279 1836 tne
1295 1782 1422 1837 [lominus
1438 1781 1541 1847 lecerit,
1556 1786 1600 1854 qui
1617 1793 1645 1837 ut
1658 1782 1772 1839 secede·

119 1881 159 1952 gip
173 1888 262 1934 aucam
277 1877 408 1947 origenes
423 1893 431 1931 ς
446 1886 540 1949 eapite
553 1874 579 1933 ap
603 1883 651 1933 τοῦ
676 1876 749 1951 ἁγίου
774 1878 919 1951 ,τρώματος
933 1859 958 1920 Β
973 1886 1028 1927 rent
1043 1870 1122 1941 jussit
1136 1870 1199 1946 (lt'p.
1216 1874 1255 1942 x).
1279 1891 1289 1925 ι
1313 1871 1386 1928 ldcm
1410 1875 1436 1928 io
1460 1890 1504 1943 ep.
1518 1891 1563 1941 xv,
1588 1875 1732 1945 mttltisqoe
1748 1874 1774 1928 in

120 1973 179 2030 κατ’
196 1975 286 2053 ἀρχὰς
307 1976 353 2044 μίν
375 1981 422 2032 τῆς
434 1968 517 2030 Ἰησοῦ
542 1968 720 2033 διδασκαλίας,
738 1970 803 2042 μετὰ
827 1966 854 2024 δι’
878 1973 923 2029 τὴν

120 2066 245 2138 ἀνάληψιν
258 2067 339 2121 αὐτοῦ
350 2064 455 2119 πλιίονα
468 2061 605 2124 tirimaco,
629 2061 737 2137 ὕστερον
750 2058 778 2116 δὲ
786 2061 921 2117 lirrosa.

121 2160 188 2218 ardui-a
201 2163 296 2214 ααίνῦν
308 2156 344 2214 ἔτι
357 2155 424 2230 ἴχνη
437 2158 506 2214 iuro
521 2160 603 2212 αὐτοῦ
614 2156 677 2234 παρ’
691 2156 795 2229 ὀλίγοις.
810 2158 858 2217 τὰς
872 2156 923 2229 ψυ-

121 2254 178 2325 χᾶς
187 2259 224 2325 τῷ
236 2251 299 2326 λόγῳ
309 2254 352 2305 καί
364 2257 422 2310 ταῖς
436 2248 492 2305 κατ’
502 2250 580 2305 αὐτὸν
592 2250 702 2324 πράξεσι
714 2249 920 2325 κεκαθαρριίνοις.

121 2342 198 2412 Quod
214 2356 263 2397 suo
277 2349 400 2411 tempure
414 2339 527 2410 vestigia
543 2338 675 2394 duntaxat
688 2338 919 2407 superessedicat,

121 2437 156 2494 ad
177 2437 261 2507 prima
285 2435 329 2491 illa
340 2434 480 2491 christiani
504 2432 595 2489 cultus
607 2431 753 2503 primordia
777 2431 803 2487 in
824 2439 922 2502 pente·

121 2539 196 2586 coste
209 2526 386 2600 proculdubio
410 2526 539 2595 respexit,
552 2533 635 2595 utque
648 2525 733 2579 uoluit
753 2539 815 2580 com
834 2522 922 2580 cirris-

120 2622 258 2677 tianorum
280 2621 407 2690 cariusque
429 2618 533 2674 ordinis
557 2616 711 2674 communia
733 2617 798 2672 olim
823 2616 923 2673 luerint

120 2713 177 2770 sub
189 2711 319 2784 apostulis
345 2710 410 2767 dona
424 2709 493 2779 baec,
513 2725 573 2782 qnae
585 2710 718 2779 diximus,
745 2708 920 2781 prophetica,

119 2808 176 2880 jaro
190 2807 333 2863 illustrium
351 2804 481 2861 duntaxat
499 2804 633 2876 primique
654 2802 742 2858 tttcriti
757 2803 920 2858 christiano·

120 2914 182 2955 rutu
198 2897 269 2955 iacta
282 2912 342 2954 esse
355 2897 471 2969 propria.

160 2990 176 3063 5
189 2988 470 3062 tt.-ttmtgnumoic
478 2991 612 3060 preberet
620 2997 805 3059 argumentum
814 2987 857 3044 rel
867 3003 920 3043 una

121 3082 168 3140 illa
190 3080 310 3151 Gregorii
324 3081 534 3154 thaumaturgi,
550 3081 673 3153 Origenis
688 3080 822 3152 discipuli,
839 3080 918 3136 ritaa

120 3172 241 3247 nysseno
250 3174 404 3244 conscripta
415 3190 423 3231 ε
434 3173 462 3229 ni
473 3173 498 3228 id
514 3185 706 3229 metueremus
719 3173 842 3229 certioris
856 3171 918 3228 ddci

975 1963 1096 2035 ejusdem
1119 1965 1172 2020 vita
1200 1965 1322 2023 Pontius.
1344 1967 1438 2038 Lapis
1451 1983 1597 2038 pacetn,eo
1611 1968 1773 2034 tincnnsutm,

976 2065 1079 2114 temere
1093 2069 1283 2113 concesserant
1313 2059 1526 2132 presbyteralis
1551 2075 1585 2116 eo
1604 2061 1697 2123 etiam,
1711 2060 1774 2131 qnid

975 2149 1086 2216 laceret,
1111 2150 1194 2205 Deutn
1218 2151 1309 2206 babuit
1335 2152 1496 2207 murtitoretn
1513 2170 1519 2209 ι
1539 2151 1701 2222 ‹Cristigarc
1724 2167 1775 2206 nus

975 2242 1064 2314 itaque
1073 2241 1161 2298 divina
1169 2257 1283 2299 censura
1291 2259 1341 2301 nec
1352 2246 1476 2302 ueteribus
1484 2248 1592 2311 desiuit,
1604 2261 1654 2304 nec
1667 2245 1772 2302 dicbus.

976 2335 1078 2392 Pruter
1106 2346 1252 2393 nocturnas
1274 2338 1345 2393 cuim
1370 2339 1499 2406 visiones,
1525 2356 1574 2411 per
1596 2340 1776 2410 diesquoqne

976 2429 1104 2500 impletur
1117 2433 1188 2502 apud
1203 2447 1251 2487 nos
1262 2433 1364 2502 Spiritu
1378 2443 1471 2489 sanctu
1485 2449 1627 2503 puerorum
1643 2434 1775 2488 innocens

976 2531 1051 2590 artas,
1064 2538 1126 2595 quae
1139 2525 1166 2578 in
1174 2525 1262 2578 extasi
1278 2522 1349 2579 videt
1362 2525 1459 2593 oculis,
1475 2535 1502 2582 ct
1514 2525 1598 2590 audit,
1615 2536 1643 2581 et
1656 2524 1776 2597 loquitur

974 2617 1073 2686 quibus
1090 2632 1139 2672 nos
1152 2616 1284 2673 bantinus
1298 2633 1409 2674 monere
1422 2629 1451 2675 et
1473 2620 1605 2676 instruere
1617 2620 1769 2691 dignatum

973 2712 1097 2782 Quinque
1121 2711 1271 2783 presbyteri
1286 2712 1424 2783 lapsorum
1448 2714 1569 2784 patroni,
1582 2729 1650 2785 quas
1666 2712 1705 2768 illi
1716 2697 1780 2768 turss

975 2805 1026 2861 bas
1048 2804 1184 2871 dederint,
1197 2805 1299 2877 ubique
1312 2816 1418 2863 coristat
1446 2823 1478 2863 cs
1493 2807 1615 2877 ejusdcm
1639 2807 1772 2873 epistolis.

972 2896 1002 2955 ld
1017 2899 1098 2954 etiam
1111 2900 1136 2954 ei
1158 2914 1173 2954 a
1189 2898 1301 2954 barutino
1322 2901 1425 2956 coelesti
1449 2901 1552 2957 visione
1575 2909 1653 2955 aritea
1667 2897 1773 2955 revela-

974 2999 1030 3046 tnnt
1047 2999 1098 3047 est.
1119 3009 1129 3043 t
1147 2991 1320 3059 Persecutiu,
1341 2992 1438 3063 inquit,
1454 3003 1496 3050 cst
1512 2995 1569 3049 lnaec
1593 2994 1655 3055 alia,
1672 3001 1700 3048 et
1719 2992 1772 3048 alia

972 3084 1106 3152 tentatio;
1121 3093 1148 3141 et
1163 3085 1281 3156 quinque
1306 3085 1348 3142 isti
1373 3085 1522 3158 presbyteri
1539 3085 1606 3141 ninii
1621 3085 1693 3143 alind
1709 3094 1775 3142 stunt

972 3191 1054 3246 quarn
1076 3177 1194 3248 quinque
1223 3183 1354 3247 primores
1378 3179 1428 3243 illi,
1445 3180 1489 3249 qui
1505 3179 1595 3234 edictu
1608 3195 1694 3249 nuper
1715 3195 1772 3234 ma-

119 3272 300 3327 monumentis
325 3271 405 3326 iidem
433 3269 613 3339 detraherem,
625 3271 647 3326 si
670 3272 812 3327 incertiora
836 3272 916 3327 etiarn
930 3271 954 3333 C
969 3270 1127 3341 gistratibus
1139 3269 1245 3326 inerant
1259 3269 1374 3340 copulati
1389 3268 1453 3343 (Ep.
1469 3270 1525 3344 ιι).
1552 3291 1561 3324 v
1580 3272 1617 3327 lta
1642 3271 1774 3329 intellexit

119 3375 317 3419 ooaommrem.
334 3361 483 3419 liausitilla
495 3362 632 3434 Nyssenns
647 3379 698 3419 non
718 3364 847 3421 ecoaevis
860 3379 918 3420 mo
972 3373 1110 3432 recteque,
1140 3370 1168 3417 ut
1187 3361 1302 3429 videtur,
1317 3361 1454 3419 Patuelius
1480 3381 1487 3418 :
1507 3381 1516 3415 t
1534 3363 1721 3419 l‘ideturtnilti
1734 3364 1774 3418 al·

119 3454 266 3522 mouentis,
294 3453 342 3510 sed
369 3470 435 3511 reru
451 3470 483 3511 ex
507 3455 573 3511 orali
592 3456 917 3528 plerumquetraditinnc,
972 3452 1066 3509 ludere
1087 3452 1121 3509 ad
1151 3454 1282 3510 visionem
1307 3454 1460 3525 quampiam
1488 3456 1515 3509 in
1539 3470 1592 3526 qna
1617 3455 1775 3526 apparuisse

119 3548 226 3605 nucula
242 3548 355 3620 propios
375 3564 454 3619 quarn
468 3564 501 3605 ex
516 3549 604 3618 troius,
617 3549 650 3604 ad
665 3550 817 3618 minimum,
833 3551 920 3605 atatis
975 3549 1099 3605 videntur
1113 3565 1174 3606 cum
1199 3548 1400 3620 magistratibus
1420 3550 1538 3619 quinque
1569 3549 1711 3619 pritnurcs,
1727 3550 1774 3619 qni

118 3642 265 3697 mornatio
276 3639 402 3696 deducta.
419 3640 455 3696 Ea
469 3641 491 3695 si
503 3657 593 3697 coram
612 3642 778 3712 accepisset,
796 3657 845 3696 nee
857 3657 915 3698 rent

119 3741 222 3805 gestam
232 3733 313 3789 aliter
322 3748 402 3801 quam
416 3740 490 3802 gesta
503 3743 554 3799 est,
571 3733 717 3790 ratiociniis
729 3734 854 3788 nimirum
865 3734 921 3789 suis

118 3826 336 3897 coniecturisque
348 3834 464 3888 auctam,
477 3827 591 3896 posteris
613 3835 851 3896 representasset,
867 3840 920 3880 non

120 3917 785 3990 rideremsanecurNyssenmcurcuivisprubataa
795 3917 922 3974 dduiviru

120 4024 252 4066 assensus
271 4019 342 4066 esset
367 4010 551 4082 denegandus.
574 4010 648 4065 Talia
664 4022 726 4065 sunt
747 4021 836 4065 autem
862 4025 922 4081 quae

121 4102 261 4160 morenos
274 4105 438 4174 protulimus,
453 4119 566 4175 qumque
591 4105 718 4174 deinceps
744 4102 920 4172 proferemus.

163 4194 179 4269 g
195 4195 240 4251 Π.
250 4225 287 4236 -
297 4195 382 4263 Quare
406 4196 531 4266 suppleat
542 4197 600 4268 ejus
617 4196 706 4252 locum
719 4195 787 4250 alins
801 4197 860 4266 ejus
872 4196 922 4253 sub

120 4286 240 4360 θήροοτ
263 4289 473 4360 condiscipulus,
494 4288 636 4362 dionysius
650 4288 861 4344 Alexandrinus.
875 4289 923 4347 llio

121 4379 267 4438 subducto
284 4382 410 4456 Philippi,
424 4383 565 4454 ingruente
587 4383 770 4448 Alexandriae,
786 4382 875 4452 populi
894 4382 922 4439 in

121 4474 287 4532 christianos
312 4474 466 4532 ierucientis
490 4477 602 4546 impetu,
620 4476 817 4546 persecutione,
831 4476 923 4533 divino

120 4570 227 4624 mnino
251 4569 344 4639 lugere
362 4569 454 4640 iussus
477 4579 528 4634 est,
543 4571 586 4625 cani
608 4580 635 4626 et
650 4568 719 4641 ingre
731 4568 802 4625 riam
826 4578 922 4640 praeter

973 3644 1090 3701 edictum
1102 3654 1196 3700 contra
1211 3646 1352 3715 episcopos
1366 3659 1418 3701 nna
1434 3646 1612 3714 publicarent.
1630 3665 1641 3698 a

1012 3734 1026 3807 ξ
1043 3736 1130 3791 t9.—
1144 3734 1296 3792 Secundam
1311 3735 1384 3791 illam
1399 3736 1439 3791 sui
1456 3738 1585 3808 temporis
1595 3738 1646 3791 snb
1656 3735 1733 3793 Gallo
1745 3748 1773 3793 et

974 3826 1123 3883 Volusiano
1146 3827 1364 3899 persecutionem
1375 3828 1433 3901 jam
1457 3841 1536 3886 antea
1562 3845 1594 3886 et
1608 3830 1773 3887 revelatione

974 3919 1065 3974 divina
1080 3919 1241 3985 didicerant,
1255 3919 1343 3991 deque
1367 3937 1399 3977 ea
1413 3922 1540 3993 pupulum
1562 3923 1659 3979 litteris
1678 3922 1774 3978 etiam-

975 4029 1039 4069 num
1064 4013 1221 4070 extantibus
1255 4014 1419 4070 avertendum
1447 4016 1648 4071 existimarunt.
1674 4016 1711 4070 lta
1740 4013 1774 4068 atl

975 4106 1083 4177 plebcm
1105 4105 1307 4162 Thibaritanatn
1333 4105 1483 4179 Cyprianus
1508 4124 1514 4159 :
1533 4125 1542 4159 ι
1559 4106 1625 4161 Nam
1641 4120 1701 4160 oum
1720 4106 1774 4159 bu·

975 4198 1041 4253 ttritti
1066 4199 1226 4254 instruentis
1239 4197 1394 4269 dignatione
1414 4197 1573 4269 instigemur
1591 4199 1702 4269 saepius,
1714 4213 1774 4252 ant-

974 4290 1046 4361 plius
1060 4299 1087 4345 et
1100 4290 1304 4356 admoneantur,
1324 4289 1357 4345 ad
1371 4299 1488 4347 vestram
1509 4306 1617 4362 quoqne
1630 4293 1775 4347 conscien-

976 4384 1040 4439 tiam
1066 4384 1259 4441 admonitionis
1286 4395 1386 4442 nostrae
1411 4385 1619 4442 sollicitudinem
1652 4385 1775 4458 perferre

974 4475 1116 4532 debemus.
1129 4476 1206 4533 Scire
1217 4476 1289 4533 enim
1302 4477 1407 4534 debetis
1427 4487 1454 4534 et
1465 4494 1514 4550 pro
1528 4487 1603 4536 certo
1618 4478 1730 4536 credere
1742 4494 1775 4535 ac

975 4569 1232 4641 tenere,'praessurne
1245 4571 1316 4628 diem
1329 4587 1410 4644 snper
1420 4583 1501 4644 capnt
1510 4588 1570 4630 csse
1583 4575 1699 4644 cepisse
1708 4574 1773 4648 (Ep.

120 4660 277 4732 opinionem
291 4664 406 4733 aperuit.
420 4661 459 4717 lta
473 4663 507 4720 de
523 4680 553 4720 se
579 4665 675 4736 ipsein
691 4679 738 4720 sua
753 4666 786 4720 ad
811 4664 962 4727 Germa-1)
975 4661 1236 4733 xvipetcaoetnoe,
1250 4665 1343 4736 paucis
1359 4666 1523 4737 interpositis
1538 4683 1545 4720 :
1560 4684 1569 4718 t
1581 4665 1637 4721 Nec
1650 4676 1775 4736 putemus

120 4767 188 4810 num
200 4757 312 4828 epistola
324 4772 333 4810 ε
344 4759 510 4820 anatomia
519 4781 563 4832 μοι
570 4768 728 4833 μεταστῆναι
739 4765 787 4816 τοῦ
796 4767 871 4826 evod,
883 4762 927 4817 καὶ
977 4754 1040 4811 talia
1053 4769 1181 4826 essequa
1196 4758 1318 4820 veniunt,
1329 4758 1416 4827 qualia
1432 4757 1539 4814 lueruttt
1551 4758 1595 4813 illa
1610 4773 1670 4827 qun
1686 4770 1774 4813 truns-

120 4851 277 4931 παραδόξως
291 4852 513 4922 ίδοποιὴσαντος,
533 4860 585 4907 etc.
609 4853 699 4922 (Apud
721 4851 827 4922 Erasi„
853 4852 924 4909 Hiar.
976 4847 1075 4902 icrtmt.
1102 4846 1214 4904 Gravior
1237 4858 1348 4903 nuncet
1373 4848 1488 4903 lerucior
1513 4863 1598 4917 pttgna
1623 4847 1772 4914 imminet.»

121 4945 280 5013 estimat,
301 4946 362 5020 to).
381 4947 444 5003 ilaue
463 4961 527 5001 vcra
548 4960 618 5009 esse,
648 4947 730 5003 ileum
764 4948 851 5019 ipsum
870 4957 925 5004 tes·
977 4939 1774 5012 etc.littrsusidumeumsynodocyprianusadCornelium:

121 5047 179 5096 effi
199 5042 337 5113 aggeum:
357 5046 408 5117 εγὼ
430 5043 459 5100 pp
474 5048 516 5099 mi
538 5045 642 5099 indutus
655 5051 702 5102 aad
716 5046 867 5112 decidatis,
883 5046 927 5099 sei
980 5052 990 5087 t
1008 5031 1061 5089 Sed
1077 5033 1148 5088 euim
1162 5047 1222 5088 cutn
1236 5031 1373 5086 rideamus
1393 5031 1463 5087 diem
1488 5047 1581 5087 rursus
1605 5032 1717 5089 alterins
1732 5035 1775 5088 in·

123 5135 204 5196 airis
225 5131 290 5192 οἶδεν
309 5132 349 5191 ὅτι
364 5137 396 5192 ud
419 5134 566 5210 ψεύδομαι·
599 5134 657 5192 οὐδὲ
680 5140 740 5210 μίαν
760 5135 927 5210 ἐπ’λραυτοῡ
977 5126 1131 5183 testationis
1150 5124 1365 5196 appropinquare
1388 5125 1514 5195 coepisse,
1527 5133 1555 5181 et
1575 5126 1678 5181 crebris
1692 5135 1774 5196 atque

123 5225 288 5306 ρηωςρπκ,
303 5232 370 5285 ,app
389 5232 531 5305 mam,
552 5237 597 5291 πρ,
609 5236 698 5307 mg„
711 5229 779 5298 Quid
791 5231 834 5286 pic
847 5229 928 5285 saepe.
979 5218 1095 5274 assiduis
1110 5216 1312 5273 ostensionibus
1326 5217 1532 5284 admoneamur,
1548 5226 1577 5272 nt
1591 5216 1624 5272 ad
1637 5226 1776 5274 certamen

121 5315 286 5377 mist„
297 5322 468 5382 „nothelmo
491 5337 525 5381 ηρ
539 5322 746 5395 junpoqupdem
763 5321 928 5378 credemus?
976 5312 1049 5383 quud
1060 5310 1137 5368 nobis
1153 5308 1351 5378 bustisindicit,
1365 5312 1462 5367 armati
1474 5301 1597 5382 etpnr'ati
1608 5310 1703 5375 simus,
1719 5310 1777 5381 ple·

163 5406 238 5481 5¹8.
246 5437 280 5453 -·
289 5411 331 5469 sd
343 5413 401 5486 ipsa
409 5415 466 5487 jam
481 5413 609 5487 Cypriani
624 5424 744 5486 tempora
756 5413 925 5479 devenimus,
978 5404 1040 5462 bem
1052 5405 1133 5460 etiam
1145 5403 1223 5459 nubis
1231 5404 1266 5460 de
1274 5402 1363 5459 divina
1374 5404 1529 5477 dignatione
1535 5405 1718 5476 commissam,
1729 5420 1777 5462 ex·

122 5503 242 5576 enimsi
257 5505 336 5562 onitas
355 5507 509 5565 testimonia
528 5508 711 5574 consulamus,
725 5522 776 5564 nec
787 5506 839 5563 erit
860 5519 927 5564 eane
979 5496 1177 5555 ¹¹⁰r²³¹5⁰¹¹lb¹¹⁵
1193 5498 1293 5554 ⁰⁰⁵¹?ss
1306 5513 1443 5569 paternus,
1450 5508 1503 5556 01⁰·
1519 5498 1581 5569 (up.
1599 5497 1681 5570 mvi.»
1699 5500 1777 5558 1³0⁸!-

121 5597 202 5676 μω
213 5597 377 5671 dapemque,
392 5601 476 5659 ruisse
489 5601 606 5658 visiones
618 5600 737 5673 aliasque
756 5598 923 5672 prophetias,
979 5606 1028 5648 ea:
1042 5590 1301 5663 ‹obtemperaodnm
1309 5599 1353 5647 est
1362 5607 1478 5664 namque
1484 5592 1683 5648 ostensionibus
1694 5602 1776 5663 atque

122 5703 182 5750 ne
194 5689 278 5752 moue
288 5691 371 5752 utam
385 5694 446 5751 ilias
455 5693 652 5751 veracissimas.
669 5691 698 5749 ln
712 5692 762 5749 hac
774 5692 832 5763 ipsa
843 5706 924 5764 quam
979 5686 1207 5745 admonitionibus
1229 5686 1318 5757 justis,
1334 5696 1364 5742 ut
1384 5703 1400 5742 a
1416 5684 1568 5758 pastoribus
1582 5701 1646 5742 oves
1662 5686 1688 5741 in
1704 5689 1774 5756 peri-

123 5795 278 5850 mamas
286 5789 401 5863 epistola
425 5789 547 5859 meminit
560 5785 671 5845 visionis
685 5786 760 5858 prius
779 5786 860 5857 longe
878 5799 925 5842 os·
979 5779 1041 5837 culo
1055 5794 1109 5837 tion
1122 5778 1294 5847 descrantur,
1307 5790 1361 5835 etc.
1380 5798 1389 5833 t
1407 5779 1533 5834 Rursus:
1553 5777 1672 5834 tPlacuit
1686 5775 1775 5842 nubis,

120 5895 306 5958 mamm
319 5894 467 5962 tempestas
479 5882 611 5940 rastitatis
621 5881 693 5938 illius
705 5880 832 5950 oriretur,
845 5892 926 5951 quam
980 5876 1084 5949 Spiritu
1110 5885 1204 5933 sancto
1226 5884 1388 5946 suggerente
1413 5880 1441 5932 et
1455 5873 1571 5931 Domino
1589 5886 1639 5945 per
1654 5870 1776 5928 visiones
