4150 6250
263 227 314 283 tlt
886 218 1114 280 bissuttrutlo
1136 219 1279 279 uttAEvtt
1744 237 1747 242 '
1852 225 1908 286 472

262 361 294 401 ac
308 346 415 417 penitus
432 345 573 417 stupendis
590 342 728 400 miraculis
746 340 905 399 ostenderit.
924 359 934 395 r
954 341 1059 397 Erotos
1072 346 1098 405 Α
1111 339 1166 397 lieo
1177 340 1259 398 Patre
1272 350 1333 414 post
1345 351 1385 399 tot
1398 342 1536 402 bonunum
1549 354 1643 403 aetates
1653 352 1682 403 et
1691 344 1792 402 saecla
1804 344 1839 402 ed
1852 361 1904 403 nos

263 427 387 511 e'urpore.
406 460 416 493 ι
434 440 520 511 inquit
535 437 638 510 (litt,
652 454 712 510 pop.
726 435 785 510 δι),
812 456 821 489 r
840 435 912 508 quod
924 436 951 491 iu
964 435 1059 507 exigua
1111 436 1209 493 missus
1223 435 1315 504 luerit,
1330 448 1376 493 aut
1389 439 1453 513 quid
1466 440 1562 513 priore.
1576 450 1639 498 ante
1653 440 1727 497 illius
1738 449 1838 507 ortum,
1852 456 1905 495 aar·

238 581 241 586 .
262 534 304 589 sui
326 533 532 589 circumferebat
547 541 638 604 parte,
655 538 799 603 postquam
813 528 901 585 rideri
916 544 947 586 se
961 541 1061 600 passus
1109 529 1167 584 catu
1185 531 1332 597 mmerim,
1347 531 1468 604 autquid
1488 532 1522 588 tle
1535 534 1696 605 priscorum,
1709 529 1907 589 vetustissimo·

262 634 315 694 est,
330 626 407 697 cujus
421 636 494 682 essct
517 623 707 696 magnitudinis
728 624 809 696 sciri,
826 622 944 677 novitate
969 635 1059 678 rerum
1109 634 1222 691 rumque
1243 621 1396 678 mortalium
1417 623 1560 680 animabus
1579 631 1669 680 actoru
1684 622 1720 678 sit
1731 620 1827 696 (ibid,
1842 638 1904 694 pop.

264 717 394 775 exterrita
415 719 543 773 urrircrsa
567 717 660 773 mundi
685 726 748 771 sunt
771 715 904 771 clementa
928 714 1058 770 turbata:
1110 712 1171 784 87).
1193 717 1229 769 tlt
1242 714 1312 771 idem
1327 731 1440 787 prorsus
1454 728 1659 790 argumentum,
1672 727 1767 774 contro
1781 716 1906 774 cbristia·

263 812 343 869 tellus
365 824 437 869 mota
462 812 637 880 contremuit,
652 826 728 866 marc
740 809 859 866 funditus
874 808 992 866 retusum
1006 818 1058 874 cst,
1110 821 1161 862 nos
1174 823 1189 863 a
1204 808 1366 885 Porphyris,
1377 811 1492 884 aliisque
1502 811 1624 868 litbnicis
1636 821 1728 883 postca
1738 811 1905 878 celricotom,

263 920 311 963 aer
329 905 416 978 globis
441 904 577 961 involutus
595 912 638 960 est
658 903 845 968 tenebrarum,
867 901 963 972 igneus
987 899 1060 957 orbis
1111 897 1262 973 Episcopus
1283 899 1436 975 deogratias
1454 905 1670 977 cognominatus,
1688 903 1908 976 Augustiuosol·

263 1000 329 1056 solis
344 998 476 1070 tepefacto
488 999 587 1055 ardore
609 998 729 1069 diriguit.
748 1016 758 1051 ι
774 995 859 1068 Talpa
872 1010 938 1052 sane
950 995 1059 1057 caecior,
1110 991 1276 1050 vendumsic
1291 997 1445 1066 proposuit:
1461 1016 1470 1049 ι
1485 997 1554 1066 Quid
1568 1008 1682 1069 egerunt
1693 1007 1732 1054 tut
1746 998 1907 1066 emulorum

265 1101 312 1147 ant
327 1090 482 1147 inflexibilis
496 1088 685 1146 obstinationis
701 1088 783 1145 bomo
798 1089 821 1144 is
835 1088 870 1143 sit
883 1094 1000 1158 oportet,
1014 1085 1060 1157 qui
1111 1083 1235 1143 homines
1248 1087 1458 1146 antechristum
1461 1129 1517 1147 .....
1530 1090 1600 1161 Quid
1614 1099 1705 1146 actum
1714 1090 1749 1146 de
1761 1099 1816 1147 tam
1829 1091 1907 1147 innu-

265 1198 319 1239 non
332 1183 432 1248 videat,
443 1193 470 1238 et
483 1182 599 1238 fateatur
609 1191 751 1251 utramque
763 1179 798 1236 ab
812 1180 931 1235 broobio
942 1177 1060 1235 diuinam
1111 1182 1196 1236 meris
1207 1181 1316 1248 animis,
1329 1183 1374 1253 qni
1386 1185 1497 1240 omnino
1511 1184 1538 1240 in
1552 1184 1631 1256 culpa
1645 1184 1719 1240 nulla
1729 1191 1793 1240 suat
1803 1199 1812 1243 t
1824 1183 1909 1255 siqui·

265 1279 465 1352 bumonamque
477 1278 578 1335 Christi
590 1284 715 1333 natrrram
726 1287 801 1333 recte
811 1275 949 1346 distingui,
962 1283 990 1330 et
1002 1273 1062 1332 uni·
1111 1271 1173 1328 dem
1189 1273 1226 1340 is,
1241 1274 1285 1329 coi
1297 1274 1372 1331 credi
1396 1288 1504 1346 posset,
1521 1276 1639 1335 nondum
1661 1274 1806 1332 adrentum
1828 1290 1907 1331 soum

264 1373 361 1444 coique
373 1373 445 1444 quod
461 1389 538 1429 suum
551 1382 603 1436 cst,
619 1371 688 1429 bene
712 1372 819 1442 penitus
836 1368 950 1427 attribui
965 1377 995 1426 ct
1013 1383 1061 1425 er·
1112 1365 1266 1423 bominibus
1276 1367 1503 1426 commodanti»
1521 1370 1671 1443 (Auguror.
1687 1368 1835 1442 spectus,
1845 1386 1906 1441 pag.

265 1470 372 1541 plicari.
1023 1491 1028 1503 ·
1111 1458 1190 1534 276.)
1204 1460 1287 1517 Vides
1301 1462 1479 1535 proculdubio
1493 1465 1543 1521 bos
1555 1463 1654 1522 codem
1670 1464 1750 1536 plane
1763 1464 1845 1520 modo
1856 1477 1908 1536 pu·

298 1567 343 1632 At,
357 1565 473 1636 inquies,
487 1565 551 1637 quid
564 1564 615 1620 sibi
630 1563 674 1620 ille
684 1561 753 1626 rult,
765 1576 826 1617 cum
838 1558 904 1616 dicit
913 1560 941 1614 in
952 1558 1062 1616 cbristo
1112 1569 1197 1626 gnare
1216 1554 1346 1613 aduersus
1367 1557 1510 1615 dominice
1533 1558 1725 1616 incarnationis
1738 1558 1907 1632 mysterium,

266 1656 349 1712 luisse
362 1655 517 1711 simulatum
532 1655 668 1710 bominem
680 1656 692 1708 l
706 1652 751 1709 bit
764 1652 879 1723 quippe:
893 1667 904 1704 ι
918 1649 975 1707 ilex
988 1665 1062 1706 sum·
1113 1649 1250 1720 tonusque
1263 1649 1418 1708 christianae
1428 1653 1565 1723 religionis
1575 1654 1726 1711 veritatem.

264 1763 325 1804 mus
344 1762 392 1814 ea,
407 1762 468 1819 quae
490 1747 517 1802 in
541 1743 643 1801 mundo
666 1743 787 1800 iacienda
811 1743 986 1808 decreverat,
1002 1742 1062 1799 sine
1076 1737 1101 1799 B
1150 1744 1204 1801 Sed
1218 1745 1281 1801 audi
1295 1745 1376 1803 etiam
1389 1747 1525 1818 quomodo
1537 1748 1688 1811 Anoubias,
1706 1763 1738 1803 ac
1748 1757 1842 1818 postea
1853 1749 1910 1805 Aue

265 1841 376 1898 bomine
389 1841 515 1897 simulato
536 1855 590 1895 non
612 1839 705 1911 quibat
722 1837 840 1895 efficere.
861 1856 870 1890 ι
891 1834 984 1907 (ibit,
997 1831 1073 1908 pods
1110 1837 1580 1911 gostinusbancargomentatioocm
1594 1840 1855 1913 planciotlrmeutet
1868 1839 1910 1896 di·

265 1934 330 2005 bl.)
356 1933 491 2004 Numquid
516 1931 619 2003 putarit
641 1945 731 1987 reram
754 1943 806 1985 non
832 1942 892 1985 esse
915 1927 1060 1983 bumanam
1112 1931 1196 1987 luant.
1212 1932 1332 1989 Primum
1350 1933 1421 1990 enim
1434 1933 1821 2006 Etbniciobjicieotetnullam
1831 1948 1911 2005 posse

265 2029 366 2086 Christi
391 2040 531 2094 naturam,
550 2028 599 2084 sed
623 2026 712 2082 lictant
738 2035 765 2082 et
784 2022 953 2080 simulatam?
967 2020 1062 2079 Nonne
1113 2022 1206 2079 aderri
1226 2025 1358 2080 rationem
1373 2041 1423 2081 cor
1435 2025 1561 2082 Cbristos
1575 2036 1637 2098 post
1656 2034 1696 2083 tot
1715 2026 1813 2084 saecula
1829 2027 1911 2083 bomo

267 2133 324 2179 tota
340 2122 381 2177 via
395 2138 455 2179 cum
474 2122 516 2178 lris
533 2120 670 2177 aberravit
689 2118 842 2187 haercticis,
865 2119 910 2190 qui
925 2116 1061 2173 Christum
1112 2115 1200 2172 laetos
1213 2116 1268 2183 sit,
1282 2132 1333 2173 suo
1347 2131 1378 2173 so
1391 2118 1659 2193 gladiojugulabant
1684 2119 1789 2178 Nullum
1810 2121 1911 2193 quippe

267 2230 322 2272 non
334 2231 426 2272 rerum
438 2215 585 2277 bominem,
601 2215 649 2269 scd
663 2213 789 2279 bominis,
804 2222 834 2267 ot
844 2210 963 2275 aiebant,
977 2210 1063 2281 pban-
1113 2219 1141 2264 ct
1156 2208 1223 2279 ipsi,
1246 2208 1285 2264 ait
1305 2220 1400 2266 auctor
1422 2223 1516 2269 noster
1531 2213 1649 2287 (Arnai.
1666 2213 1729 2282 lib..
1744 2230 1773 2281 ιι,
1788 2212 1846 2286 96),
1866 2229 1911 2270 rs·

219 2297 224 2308 '
266 2321 369 2377 tosma,
383 2320 412 2365 et
429 2308 568 2365 bominem
582 2306 779 2377 phantasticum
793 2304 876 2362 luisse
888 2304 970 2359 stulte
987 2318 1063 2360 assc-
1115 2302 1214 2357 tionem
1229 2300 1295 2358 dare
1308 2312 1433 2372 poterant
1448 2320 1502 2360 non
1517 2307 1606 2362 solum
1620 2321 1670 2362 cur
1685 2307 1798 2381 hyems,
1811 2315 1909 2375 estas,

265 2404 397 2459 rucruuti
411 2401 520 2458 Minime
533 2401 662 2473 gentium.
681 2399 747 2455 Nam
761 2414 796 2455 cr
811 2399 861 2465 iis,
876 2413 937 2469 quae
949 2397 984 2453 ab
1002 2397 1064 2468 ipso
1115 2405 1280 2458 autumnus,
1298 2395 1405 2466 pluria,
1416 2408 1445 2453 ct
1456 2399 1510 2454 alia
1524 2398 1714 2471 hujuscemodi
1727 2417 1782 2458 nnn
1792 2407 1847 2467 eo,
1857 2416 1913 2473 quo

267 2494 302 2552 dc
315 2493 416 2552 Christi
430 2495 483 2550 rita
501 2501 530 2550 ct
544 2504 632 2550 morte
647 2493 744 2549 tradita
758 2492 981 2558 memoravimus,
1004 2490 1064 2547 luce
1115 2497 1238 2557 oportet,
1262 2497 1414 2559 opportuno
1435 2500 1557 2563 tempore
1568 2507 1642 2566 saepe
1655 2495 1755 2564 saepius
1769 2493 1912 2562 accidant;

267 2586 416 2644 meridiana
428 2585 530 2643 clarius
541 2585 672 2658 probatur
685 2600 747 2640 eum
767 2592 843 2641 certo
861 2585 963 2641 certius
977 2583 1065 2640 credi·
1115 2578 1164 2634 sed
1179 2579 1347 2649 potissimum
1367 2596 1416 2638 cur
1428 2582 1575 2651 Hercules,
1599 2583 1789 2656 AEsculapins,
1804 2586 1911 2656 etalii,

269 2681 343 2736 disse
364 2695 458 2736 veram
477 2694 492 2733 n
512 2679 620 2735 cluistn
641 2688 807 2748 assumptam
822 2677 904 2733 luisse
920 2677 1064 2733 bomarranr
1116 2671 1230 2743 quosad
1252 2672 1391 2730 bominum
1417 2675 1559 2733 utilitatem
1583 2688 1734 2736 natusesse
1749 2679 1911 2748 credebant,

268 2785 410 2841 natorum,
425 2788 573 2846 rerumque
595 2774 741 2830 humanum
758 2787 868 2843 corpus.
882 2770 1064 2841 Quamobrem
1116 2765 1143 2819 iu
1164 2766 1293 2822 rrrrrndum
1309 2777 1363 2823 tam
1379 2785 1441 2825 sero
1454 2770 1615 2842 prodierint.
1631 2773 1763 2831 Enmdem
1783 2775 1862 2846 plane
1883 2776 1912 2832 in

269 2870 303 2925 iis
325 2868 446 2936 roribus,
471 2868 572 2923 bomine
589 2865 726 2933 unrulnto,
740 2864 811 2921 idem
832 2864 979 2936 significat,
994 2864 1065 2918 acsi
1117 2858 1227 2914 modum
1240 2859 1407 2931 Augustinus
1422 2863 1484 2920 illos
1498 2880 1531 2921 cx
1552 2867 1765 2939 mysteriorum,
1780 2869 1859 2925 abiis
1871 2869 1916 2925 in·

269 2962 380 3018 dixisset
402 2961 513 3017 bomine
535 2973 665 3030 expresso
684 2967 712 3015 et
730 2955 869 3022 eslribitu,
885 2957 920 3009 ita
937 2965 965 3009 ut
984 2969 1064 3026 quern
1117 2955 1289 3024 stitntorum,
1315 2956 1401 3029 prima
1429 2960 1551 3030 origine,
1570 2960 1643 3031 quod
1675 2961 1772 3018 codem
1799 2962 1913 3032 recidit,

268 3054 437 3127 exprimebat
457 3062 485 3110 et
501 3051 657 3118 exhibebat,
673 3066 754 3107 veros
768 3058 841 3106 cssct
854 3050 945 3105 bomo.
961 3048 1066 3121 Negare
1117 3045 1345 3105 acriterreiellit:
1363 3049 1459 3119 rlpsi,
1474 3071 1484 3104 ι
1499 3053 1586 3125 inquit
1597 3051 1766 3128 (Angustiae,
1779 3056 1829 3111 tac.
1841 3053 1914 3129 cit),

269 3156 359 3202 tamen
373 3163 426 3203 nnn
438 3161 582 3218 possumus
593 3145 628 3201 ibi
640 3145 788 3201 Arnobinm
803 3143 949 3215 improprie
960 3143 1064 3198 minus·
1078 3126 1101 3191 C
1121 3162 1130 3196 r
1147 3143 1239 3199 dicant
1253 3153 1343 3200 uuum
1355 3146 1505 3217 proluerint
1515 3140 1670 3205 hominibus
1679 3151 1792 3209 deorum
1803 3165 1914 3208 suorom

269 3257 323 3312 que
336 3248 460 3297 accurate
482 3238 566 3310 loqui.
582 3238 635 3296 sed
653 3240 714 3310 quis
732 3236 903 3294 Aristarchus
925 3253 978 3293 non
1000 3236 1066 3293 satis
1117 3250 1214 3303 sacra,
1226 3253 1287 3308 qum
1301 3249 1409 3295 cunstat
1420 3241 1503 3296 certis
1515 3241 1684 3313 temporibus
1698 3244 1915 3312 institutaiQoae

271 3334 428 3404 castigatum
446 3332 600 3410 lrrrjusqnorli
613 3331 740 3404 loquendi
752 3331 860 3386 modom
872 3330 974 3387 bomini
987 3330 1066 3389 lacile
1117 3326 1141 3382 si
1156 3339 1255 3400 negant
1275 3330 1377 3403 aliquid
1400 3330 1534 3403 proluisse
1554 3331 1589 3388 ad
1610 3333 1760 3390 aoinrarurn
1781 3337 1913 3406 salutern,

272 3441 325 3483 oon
339 3426 520 3492 condonabit,
537 3427 583 3499 qui
597 3441 669 3496 saepe
684 3425 784 3496 sepius
798 3424 889 3481 uerbis
910 3425 993 3480 utitor
1006 3425 1067 3480 bur·
1118 3420 1258 3477 nobiscum
1278 3437 1310 3478 ea
1334 3423 1492 3490 destruunt,
1521 3433 1550 3480 et
1575 3425 1664 3482 inaoia
1689 3442 1752 3487 esso
1777 3430 1912 3486 coniiten·

269 3518 343 3575 baris
357 3528 386 3575 ct
397 3518 537 3587 obsoletis,
551 3532 602 3574 uec
616 3532 681 3588 pure
691 3526 719 3573 et
732 3514 875 3574 emendate
891 3516 1030 3588 loquitur?
1120 3521 1165 3567 tur
1166 3549 1221 3568 .....
1238 3513 1266 3569 Si
1291 3529 1357 3571 vcro
1377 3530 1409 3572 ea
1423 3515 1587 3583 dcieodoot,
1612 3527 1640 3573 et
1665 3520 1803 3589 sapienter
1827 3533 1910 3593 atque

1119 3603 1220 3662 utiliter
1235 3618 1358 3662 asserunt
1381 3607 1520 3675 instituta,
1536 3624 1629 3682 quero
1643 3611 1707 3683 quid
1730 3621 1819 3669 netum
1833 3614 1870 3670 sit
1881 3615 1916 3673 dc

1120 3696 1179 3762 bis,
1194 3699 1240 3769 qui
1253 3708 1400 3772 antequam
1414 3701 1473 3758 baec
1486 3705 1606 3760 instituta
1616 3715 1724 3771 essent,
1740 3717 1829 3765 nrorte
1839 3706 1913 3766 ubie-

272 3767 320 3820 Cur
328 3768 439 3829 cbristus
455 3769 528 3819 bomo
540 3766 617 3818 betas
627 3769 668 3825 sit,
682 3779 726 3816 cur
738 3773 787 3816 tam
797 3778 866 3828 sero,
876 3777 923 3815 nec
934 3764 1008 3828 longe
1023 3777 1069 3815 an-

270 3878 281 3896 ,
304 3838 357 3894 tea;
370 3829 469 3896 quidde
479 3831 685 3881 bominibusante
695 3830 859 3892 ipsiusortona
865 3830 979 3888 mortuis,
988 3835 1068 3878 actum
1119 3798 1200 3855 '²¹³3
1218 3790 1268 3895 '¹⁰³⁰
1279 3791 1350 3847 enim
1365 3791 1459 3864 mique
1471 3794 1561 3851 ⁸²¹¹¹²⁰
1573 3803 1654 3866 “tque
1668 3794 1784 3853 “nume
1795 3797 1912 3857 smum

302 3895 388 3957 luerit,
401 3895 443 3946 ubi
454 3892 487 3942 de
496 3894 635 3944 bominibus
646 3892 765 3956 giganteo
773 3904 886 3955 corpore,
897 3897 923 3942 et
933 3892 1069 3945 stentoreis
1119 3893 1192 3938 sunt.
1209 3882 1341 3941 Stantem
1366 3896 1512 3957 potuerunt
1532 3888 1586 3944 alio
1611 3890 1691 3947 modo
1715 3894 1842 3964 purgari,
1866 3909 1915 3951 cur

303 3956 571 4029 3⁰s³⁰²¹¹¹¹¹¹v³3i²ib¹¹³‘
1120 3990 1174 4030 non
1196 3976 1266 4032 idem
1291 3978 1389 4037 modos
1415 3981 1601 4052 perseverarit
1627 3983 1654 4038 in
1681 3985 1825 4057 posteros?
1845 3987 1914 4056 Quid

307 4083 362 4140 Cor
374 4082 499 4140 Christos
511 4084 592 4138 bomo
603 4080 689 4138 lactus
699 4080 744 4149 sit,
758 4082 782 4136 si
794 4080 829 4137 ab
843 4079 963 4136 Arnobio
978 4088 1070 4149 postu·
1119 4081 1188 4139 ⁰9⁰⁵
1207 4079 1266 4125 0²³¹
1294 4070 1435 4127 5¹¹⁵ffl¹¹⁰i0
1460 4074 1575 4131 ¹¹⁰ll¹l³⁵
1599 4076 1832 4146 ⁰⁰¹¹⁵00¹³²l⁰¹¹0⁸s
1855 4095 1917 4151 (1⁰³2

270 4177 323 4241 les,
337 4176 407 4232 lrunc
423 4176 469 4231 tibi
484 4173 579 4231 reddet
593 4174 746 4229 rationem:
761 4173 821 4243 quia
849 4192 858 4222 r
878 4170 919 4227 nb
933 4170 1070 4242 religioni·
1119 4155 1267 4235 antiquitus
1280 4178 1334 4221 nnn
1348 4164 1476 4224 luerunt?
1495 4187 1506 4222 ι

272 4269 325 4326 bus
335 4285 384 4325 nos
394 4267 468 4323 tarsis
481 4267 638 4339 religionem
650 4264 767 4321 traduxit
777 4264 810 4319 ud
822 4263 977 4330 reram3ab
986 4263 1070 4335 signis
1156 4256 1332 4329 Responderc
1352 4270 1442 4316 autem
1468 4276 1522 4317 non
1549 4274 1673 4332 poterant
1696 4267 1796 4323 nullam
1819 4269 1916 4327 borum

273 4361 415 4423 inertibus,
430 4369 510 4431 atquc
522 4375 556 4415 cx
570 4356 701 4414 uilissimo
713 4357 835 4413 formatis
846 4357 913 4424 loto,
926 4355 960 4413 ad
982 4355 1070 4412 sidera
1120 4363 1200 4419 posse
1215 4349 1273 4406 dati
1288 4351 1432 4408 rationem.
1449 4352 1570 4410 Etenim
1585 4356 1643 4428 ipso
1663 4359 1780 4430 aliquam
1801 4360 1836 4417 de
1854 4376 1918 4418 sero

272 4452 421 4509 sublevavit
431 4461 459 4508 et
471 4452 580 4520 ctelum,
594 4461 695 4517 etcum
709 4450 918 4507 dominororum
932 4451 995 4518 Duo,
1007 4464 1070 4519 sup-
1119 4439 1222 4497 Cbristi
1231 4442 1347 4499 adventu
1358 4458 1373 4498 a
1386 4444 1543 4503 christianis
1555 4462 1610 4503 non
1624 4448 1683 4505 sine
1698 4451 1795 4521 injuria
1808 4454 1929 4528 exigere.

274 4547 449 4621 plicationom
472 4547 536 4602 lircil
556 4546 639 4603 verba
661 4554 742 4618 atque
763 4546 914 4601 orationum
936 4528 1359 4618 colloquiaDcnnuincebantur.
1375 4539 1497 4612 Siquam
1522 4557 1586 4600 uero
1612 4543 1767 4615 proterant,
1793 4548 1916 4607 eamdent

272 4640 397 4696 miscere.
415 4659 425 4691 ι
448 4637 576 4711 (Annam,
599 4637 644 4692 tit.
667 4653 687 4701 r,
713 4654 774 4709 pop.
800 4634 867 4709 ιι.)
887 4637 1069 4705 Quamobrem
1121 4640 1150 4686 ct
1162 4630 1300 4689 christiani
1315 4634 1463 4704 prolercnt.
1476 4634 1544 4692 ilinc
1556 4636 1692 4695 Arrrobios
1705 4650 1818 4697 noster:
1837 4661 1848 4695 r
1864 4642 1919 4699 tta-

274 4736 334 4790 lrarc
346 4733 381 4791 tle
396 4733 486 4805 seipso
502 4750 554 4788 arun
565 4732 625 4788 sinc
637 4731 706 4803 grati
720 4732 831 4787 omnino
846 4730 930 4787 animi
942 4732 1070 4787 testliica·
1121 4724 1237 4791 ῑῑῡῐιθιῐῑι
1254 4743 1264 4778 s
1281 4724 1317 4779 ³¹¹
1337 4724 1472 4797 (Ambo
1494 4728 1544 4784 ¹⁰⁶·
1566 4729 1643 4803 eit),
1670 4732 1810 4805 «aliquam
1834 4735 1918 4793 luisse

275 4825 348 4882 tinne
365 4825 452 4895 palam
468 4824 596 4895 praedicat
612 4841 618 4878 :
637 4842 647 4875 r
666 4821 741 4878 Nunc
752 4822 865 4879 doctore
876 4831 950 4879 tauto
966 4822 995 4879 in
1013 4823 1071 4880 rias
1120 4815 1226 4873 dicetis·
1240 4817 1318 4873 R³¹l⁰
1332 4832 1398 4890 erto
1412 4828 1440 4875 el
1455 4820 1497 4877 hic
1511 4820 1574 4889 still.
1600 4839 1649 4881 tur
1672 4840 1724 4881 tlon
1746 4842 1843 4899 nuper,
1865 4831 1917 4888 scd

275 4921 396 4978 ueritatis
406 4919 541 4987 inductus,
557 4919 647 4975 omnia
669 4918 719 4974 ista
736 4934 797 4990 qum
817 4918 881 4985 sint,
896 4918 953 4974 scio
967 4936 975 4973 ε
988 4916 1070 4991 digna
1121 4909 1202 4966 hodie
1225 4910 1370 4982 sospitator
1393 4913 1478 4968 nostri
1502 4915 1610 4985 generis
1635 4917 1790 4977 adveniret.
1817 4939 1828 4974 ι
1858 4923 1917 4980 llu-

275 5012 310 5069 de
331 5012 419 5083 dignis
439 5012 546 5077 sentio,
562 5010 755 5067 contumeliam
768 5009 869 5066 nuruini
884 5009 988 5067 nullam
1000 5009 1070 5067 lucio
1120 5006 1244 5075 gostinus
1269 5021 1377 5061 rcro:‹
1394 5005 1450 5063 Cur
1469 5006 1539 5065 bane
1560 5011 1737 5077 questionem
1761 5013 1920 5075 christiana

274 5106 381 5174 divino;
402 5117 430 5163 et
455 5104 521 5179 quid
542 5106 639 5178 cuique
659 5105 846 5162 debeatorrel
859 5119 1000 5174 personae,
1027 5105 1070 5162 rel
1122 5099 1244 5171 religioni
1257 5100 1394 5171 ingerunt,
1409 5101 1437 5157 in
1447 5118 1528 5173 quarn
1539 5104 1617 5161 nobis
1626 5105 1676 5178 ipsi
1687 5107 1861 5176 prodiissnis
1870 5120 1919 5169 ant

274 5200 367 5270 capiti,
383 5197 533 5256 inconfusis
548 5178 788 5269 gradibusr'atque
802 5197 1007 5254 auctoritatibus
1019 5197 1070 5253 tri·
1120 5194 1284 5264 respondere
1293 5209 1347 5251 noo
1359 5204 1480 5266 possunt,
1489 5198 1565 5253 autsi
1576 5210 1698 5269 possunt,
1715 5201 1743 5257 io
1755 5216 1789 5259 en
1799 5202 1919 5275 ipsosibi

261 5294 340 5351 buo.
356 5315 366 5348 r
384 5291 477 5366 (itit.)
487 5291 587 5350 Verum
597 5292 724 5366 gentiles,
734 5293 831 5364 quibus
845 5292 910 5348 nibil
924 5292 1069 5364 antiquius,
1120 5285 1202 5342 etiam
1216 5302 1265 5357 pro
1285 5287 1413 5358 religione
1434 5301 1525 5345 nostra
1539 5290 1723 5363 respondenti
1737 5314 1747 5348 ι
1765 5295 1915 5369 (Auem,

275 5399 357 5455 qoam
377 5384 478 5456 optima
490 5399 604 5457 qumque
617 5382 684 5438 diris
697 5398 819 5439 errorum
835 5398 946 5439 suorum
958 5382 1070 5440 iniicere
1121 5379 1172 5435 luc.
1188 5377 1251 5453 eit.)
1266 5378 1355 5436 Fateri
1365 5380 1446 5450 igitur
1459 5380 1595 5438 debebant
1608 5382 1648 5439 las
1661 5400 1716 5441 non
1737 5401 1799 5444 esse
1810 5386 1914 5448 bomini

275 5477 403 5543 venenis,
430 5476 493 5533 inde
516 5476 727 5532 sacratissimum
756 5475 948 5533 incarnationis
969 5474 1069 5534 Clrristi
1121 5473 1234 5528 scrutati
1249 5473 1360 5529 consilia
1376 5474 1443 5541 bet,
1458 5476 1504 5546 qui
1518 5489 1629 5533 nouerat
1642 5481 1839 5554 temporisque
1861 5483 1911 5541 bu-

275 5568 433 5641 mysterium
443 5568 569 5624 vellicare
581 5566 759 5625 conabantur.
767 5566 1068 5638 christianissiquidem
1121 5580 1201 5620 manu
1221 5566 1313 5636 generi
1331 5566 1474 5625 subuenire
1496 5568 1588 5631 debuit
1608 5576 1837 5642 opportunitatem
1851 5577 1917 5648 (ar.

275 5660 439 5730 objicicbant
472 5658 572 5728 (totu,
598 5658 642 5715 tit.
660 5674 696 5729 u,
718 5675 779 5732 pag.
802 5658 859 5729 96),
878 5658 901 5713 si
921 5672 964 5715 res
983 5658 1019 5713 its
1039 5675 1069 5717 se
1120 5659 1200 5726 nob„
1222 5658 1318 5732 ibid).
1347 5660 1434 5718 Simili
1460 5677 1568 5735 quoquc
1594 5679 1726 5738 responso
1749 5671 1916 5742 Augustinus

271 5752 381 5820 babeat,
395 5750 496 5808 nullam
509 5750 569 5807 dari
582 5764 663 5825 posse
680 5750 813 5808 radonem
834 5763 883 5807 cur
904 5747 1030 5808 corbum
1048 5767 1066 5810 a
1120 5749 1183 5808 boic
1204 5752 1345 5824 questioni
1367 5752 1499 5811 satisfacit
1513 5773 1521 5813 c
1536 5774 1548 5809 r
1561 5756 1628 5815 Com
1647 5773 1702 5823 nou
1716 5756 1916 5838 formiculam,

567 3668 713 3709 AR'HCULUS
731 3669 770 3708 tlt.
