4150 6250
288 277 326 336 Π
349 210 354 217 ι
762 262 946 329 uobwsbut
965 259 1408 327 passariniacurtttstucn
1901 265 1939 327 38

290 391 395 468 plenalia
415 389 584 448 observarint
606 387 687 445 etiam
707 384 853 453 Ecclesin;
875 394 903 443 et
924 383 1032 457 quidem
1057 397 1090 440 eo
1103 379 1130 442 Δ
1143 378 1306 448 riamenrio,
1322 382 1509 454 episcoporum
1523 380 1651 441 uidelicet
1664 381 1884 455 presbyterorum
1898 393 1942 441 at-

229 466 237 481 ’
290 485 452 560 promptiori
464 486 574 554 animo,
589 483 660 556 quod
674 498 728 540 nnn
739 481 845 539 illoram
861 479 943 536 modo
957 478 1090 552 gratiam,
1143 475 1940 550 quediacnnorum.Frequentioreserantestraordinarii,

291 578 389 651 quibua
403 594 435 635 ea
451 579 642 651 praestiterant,
656 576 704 634 sed
720 576 766 633 uei
783 574 852 630 adeo
864 573 959 645 ipsius,
973 572 1050 644 errjrrs
1065 572 1091 627 in
1146 569 1278 643 apostoli,
1303 568 1491 640 euangelista,
1515 580 1637 642 pastores
1659 579 1740 640 atque
1763 569 1890 627 doctores
1913 578 1945 627 ct

291 684 376 742 opere
389 679 598 740 occuparentur,
613 684 644 726 se
658 667 791 725 demereri
805 665 966 731 eraderent,
981 665 1095 736 partici-
1144 664 1285 735 proquretm
1303 663 1476 735 notioresque
1492 663 1603 719 omnino
1621 671 1702 734 atque
1720 662 1893 719 celebriores.
1908 661 1946 719 tit

291 779 396 837 pesque
409 778 440 820 se
455 763 562 820 illorum
575 778 683 835 qnoque
703 776 814 834 operum
831 760 948 817 inituros.
962 757 1094 828 Apostolo
1146 756 1285 829 probabile
1298 757 1407 830 quidem
1421 766 1463 814 est
1478 756 1574 814 horum
1591 756 1673 814 luisse
1692 756 1829 828 propriam
1844 756 1948 828 prima·

290 859 407 915 Roaiam
422 855 539 914 reuienti
555 853 662 911 obviam
675 853 752 911 ellusi
765 860 828 909 sunt
838 852 946 918 iratres,
961 847 1093 921 usquead
1146 849 1213 905 riam
1232 849 1306 906 illam
1325 850 1607 923 simplicissimamqnc
1619 849 1750 908 Ecclesia
1769 850 1948 908 administra-

293 952 470 1024 llppiilorum
479 946 915 1018 etTresTabernasldrt.,axrur,
926 941 983 1016 lii).
992 942 1095 1014 lgnatic
1150 940 1267 1009 tioncnr;
1285 949 1340 998 tum
1354 942 1463 1013 deinde,
1477 957 1540 998 cum
1551 941 1774 1014 perturbatiorem
1787 941 1859 999 illam
1873 943 1949 1000 inor·

295 1058 386 1104 tamnu
407 1047 441 1102 ad
462 1044 620 1117 irrartyrium
644 1040 798 1114 properanti
816 1053 901 1111 usqne
921 1035 955 1092 ad
977 1046 1095 1106 portum.
1146 1033 1365 1106 ornatioremque
1386 1036 1490 1107 experti
1514 1044 1622 1102 emeat,
1646 1034 1775 1107 paulatim
1798 1036 1824 1091 in
1850 1050 1947 1093 eorum

296 1141 445 1200 Melitenses
457 1138 625 1194 diseedartent
638 1137 725 1192 ntultis
739 1132 877 1190 bonoribus
891 1128 1096 1197 incantaverant,
1148 1127 1237 1185 locrrm
1251 1130 1415 1187 successisse
1431 1131 1570 1188 ministros
1580 1130 1656 1199 illos,
1671 1147 1739 1203 quos
1754 1130 1834 1189 bodie
1847 1133 1949 1188 retine·

294 1250 321 1296 at
332 1235 510 1309 rranipantibas
522 1237 697 1306 irnposnernnt
708 1246 767 1304 qna
779 1226 1003 1285 necessariaerant
1013 1221 1096 1297 (ibid.
1149 1236 1227 1290 mus,
1247 1222 1417 1290 ordinarios,
1433 1223 1633 1295 paulatimque,
1648 1240 1697 1295 pro
1714 1239 1853 1298 synaxeon
1866 1223 1950 1281 disci·

297 1316 1099 1402 rr,lll).Erantbaccorrrmprocnldnbiosenia.Disceden·
1149 1315 1242 1388 plina,
1268 1317 1497 1375 extraordinarios
1517 1318 1579 1374 illos
1606 1318 1749 1375 ordinariis
1775 1318 1861 1376 laetos
1886 1333 1950 1376 esse

296 1433 352 1481 tem
371 1423 405 1479 ad
420 1436 515 1479 inanem
529 1435 614 1490 usque
623 1418 742 1475 comitati
757 1425 822 1473 sunt
836 1414 946 1486 Ephesii
962 1410 1032 1484 (Act.
1048 1426 1097 1475 rx,
1150 1408 1283 1466 subditos.
1299 1410 1413 1479 Quando
1426 1411 1507 1483 igitur
1518 1426 1656 1484 synasenn
1676 1411 1768 1468 munia
1783 1410 1908 1468 obierunt
1921 1408 1950 1466 bi
2016 1442 2020 1449 ι

297 1519 356 1589 58).
373 1517 437 1573 llaec
450 1525 509 1571 erat
523 1519 685 1590 asponopnn',
699 1511 777 1582 errius
792 1511 874 1566 etiam
888 1509 946 1580 lpse
959 1505 1100 1578 quamplu-
1150 1503 1357 1559 extraordinarii
1371 1502 1502 1571 ministri,
1517 1502 1617 1559 lrrrstra
1628 1503 1832 1574 expectabimus
1840 1502 1952 1561 ordina·

296 1610 375 1666 rimis
394 1610 420 1665 in
436 1608 503 1664 locis
522 1607 646 1663 meminit
665 1602 822 1675 Apostolus.
839 1601 868 1656 ld
887 1610 977 1656 autem
998 1596 1031 1653 ad
1052 1598 1101 1652 bo-
1151 1596 1252 1652 riorum
1278 1597 1460 1654 ministrorum
1480 1596 1657 1654 mentionem.
1677 1595 1706 1652 ld
1731 1612 1815 1652 unum
1834 1594 1951 1663 sufficit,

297 1717 393 1758 norem
417 1699 567 1766 venientis,
585 1713 635 1769 pro
657 1697 729 1752 illius
750 1710 856 1768 qnoque
874 1693 962 1749 atatis
983 1705 1101 1749 consue·
1152 1688 1235 1748 luisse
1248 1691 1324 1758 illos,
1341 1707 1395 1748 non
1407 1689 1608 1747 summamodo
1621 1689 1770 1760 dignitate,
1782 1687 1829 1746 sed
1845 1703 1953 1746 summo

300 1794 410 1861 tudine,
433 1792 584 1865 spectabat,
608 1801 637 1846 ut
660 1804 715 1862 qno
741 1788 855 1859 nnisqne
878 1786 1009 1857 dignitate
1028 1781 1246 1851 cantilenam,
1261 1784 1287 1840 in
1301 1784 1431 1842 Ecclesiae
1444 1782 1688 1849 administratione,
1700 1783 1772 1851 loco,
1786 1791 1814 1837 ut
1828 1781 1953 1852 proinde,

298 1886 440 1952 illustrior,
456 1900 489 1942 eo
503 1885 590 1941 lorent
610 1882 691 1940 etiam
719 1881 883 1938 illustriores
902 1878 922 1935 ii
940 1876 1027 1951 quiin
1043 1877 1102 1948 eins
1152 1877 1176 1933 si
1188 1892 1257 1950 quas
1268 1877 1306 1933 illi
1321 1878 1470 1951 legationes
1483 1875 1617 1945 obierint,
1629 1875 1774 1933 admodum
1795 1873 1858 1932 illas
1869 1872 1955 1932 lnis'se

299 1991 442 2034 nccrrrsnnr
462 1977 644 2037 mitterentur.
666 1973 749 2046 ldqne
771 1973 853 2030 etiam
877 1971 1049 2027 observatum
1073 1969 1102 2025 in
1154 1968 1438 2029 bonoridcasnecesse
1450 1980 1534 2029 esset.
1548 1969 1616 2028 Cum
1632 1985 1697 2027 nero
1710 1967 1830 2035 tandem,
1844 1975 1956 2039 propter

301 2069 469 2140 excipiendis
482 2067 683 2139 prouinciarum
698 2064 868 2136 prasidibus,
879 2071 1001 2134 utquem
1011 2061 1046 2118 ad
1062 2061 1103 2118 lo·
1153 2081 1292 2139 synaxenn
1316 2066 1505 2137 disciplinam,
1524 2066 1668 2125 ordinariis
1690 2063 1888 2135 subjicerentur
1908 2077 1956 2135 sy·

300 2177 362 2218 cum
382 2160 528 2233 provinciae
543 2159 659 2231 primam
672 2157 857 2230 appulissent,
873 2171 906 2212 eo
924 2153 1073 2227 legationes
1086 2167 1102 2209 a
1153 2159 1407 2223 naxeonministris,
1422 2159 1511 2216 adbuc
1523 2168 1613 2216 tamen
1629 2158 1759 2217 horrorem
1776 2154 1955 2230 proculdubio

301 2253 467 2320 civitatibus,
488 2253 609 2310 virorum
627 2253 653 2308 in
672 2265 721 2307 sua
741 2252 855 2323 quisque
873 2248 982 2305 civitate
1002 2248 1102 2319 prima-
1153 2267 1290 2308 summum
1302 2252 1484 2309 retinuerunt.
1499 2252 1555 2309 Nec
1569 2251 1640 2308 euim
1653 2260 1733 2308 erant
1747 2250 1785 2306 illi
1801 2249 1883 2307 certis
1896 2250 1957 2320 qui·

302 2351 421 2413 riorum,
434 2347 615 2403 mitterentur.
627 2344 701 2402 ldem
713 2344 795 2400 etiarn
810 2359 826 2398 a
841 2340 996 2399 ciuitatibus
1007 2340 1103 2396 ricinis
1154 2344 1268 2403 busdam
1290 2345 1413 2403 ecclesiis
1431 2345 1522 2413 allisi,
1544 2346 1593 2402 sed
1614 2346 1705 2418 potius
1724 2343 1806 2401 totius
1826 2341 1957 2400 Ecclesiae

303 2440 475 2497 obsecratum
491 2439 518 2493 in
539 2436 812 2508 peregrinationibus.
830 2432 858 2489 ld
877 2447 939 2490 cum
961 2432 1104 2489 christiani
1154 2436 1294 2494 catlrolicae
1314 2452 1489 2506 communes,
1509 2437 1581 2510 quod
1605 2434 1652 2510 (ea
1667 2436 1845 2509 proculdubio
1857 2442 1956 2503 autc,

300 2536 331 2592 iu
352 2534 536 2607 apostolorum
561 2531 734 2602 uirorumque
757 2527 887 2585 Ecclesiae
912 2525 1103 2598 primariorum
1155 2546 1216 2588 cum
1235 2531 1262 2587 in
1282 2546 1316 2588 eo
1334 2533 1431 2603 positae
1447 2541 1541 2589 essent
1559 2545 1748 2603 supremorum
1769 2529 1956 2587 ministroru-

302 2628 564 2702 pcrngrinationibns
590 2626 778 2688 imitarentur,
804 2621 830 2678 id
854 2636 962 2694 quoque
985 2621 1104 2677 imitatos
1155 2638 1263 2696 operm,
1284 2623 1374 2695 potiris
1388 2631 1419 2679 ut
1432 2622 1486 2678 late
1505 2622 1732 2680 christianitatem
1747 2612 1956 2679 disseminarent

301 2721 450 2779 resistentie
459 2730 511 2786 est,
522 2736 555 2777 ne
564 2717 730 2776 senientiam
741 2713 863 2788 dignitati
873 2713 1000 2771 deessent
1011 2714 1103 2785 legati.
1155 2732 1235 2788 quarn
1249 2716 1418 2773 ntecclesias
1433 2723 1560 2788 regerent
1569 2714 1626 2786 jam
1642 2714 1766 2795 laudatas
1779 2716 1956 2773 constitutas·

302 2816 470 2886 Quamquam
485 2813 557 2869 cuim
571 2810 670 2868 fastum
684 2810 851 2867 mundanum
867 2805 961 2878 procul
974 2805 1104 2861 ariranda·
1154 2812 1218 2880 que)
1234 2808 1293 2863 lieri
1313 2808 1358 2863 rix
1376 2816 1465 2879 potest
1479 2806 1543 2879 quin
1563 2822 1658 2865 corum
1671 2806 1760 2863 alticio
1776 2809 1958 2865 antelerretur

302 2908 576 2981 rintapostoli,erant
585 2902 775 2961 mnrerndecori
782 2901 863 2960 iidem
872 2899 1104 2958 observantissimi
1134 2901 1201 2975 ·qni
1214 2900 1380 2973 singularum
1394 2908 1487 2958 essent
1499 2899 1640 2957 dumtaxat
1648 2899 1836 2958 ecclesiarum.
1850 2899 1892 2957 Ex
1903 2900 1957 2958 bne

302 3001 571 3072 retinentissimique.
596 2997 624 3055 ld
649 3007 724 3055 certe
745 2998 775 3054 S.
795 2997 871 3054 Pauli
895 2997 979 3054 luisse
998 2996 1105 3053 ridetur
1154 3006 1246 3055 autem
1259 2996 1535 3056 extraordinariorum
1547 2996 1731 3055 ministrorum
1744 3011 1859 3054 numero
1872 2997 1958 3054 luisse

301 3094 497 3169 ingeriacensi
513 3091 627 3149 indoles.
641 3091 697 3149 Nec
710 3090 736 3148 id
750 3089 858 3163 qnldcm
874 3088 1019 3147 immerito.
1036 3088 1103 3145 Cum
1154 3093 1280 3152 sinentur
1290 3094 1336 3166 qui
1349 3092 1430 3166 legati
1447 3092 1586 3151 constituti
1599 3101 1701 3151 meent.
1717 3091 1777 3164 ipsa
1793 3090 1837 3149 illa
1859 3105 1956 3149 eornm

303 3189 376 3245 eninr
396 3187 422 3244 in
443 3187 478 3241 ila
498 3186 618 3257 exceptis
642 3184 745 3239 nullum
768 3192 857 3247 esset,
880 3180 932 3238 illis
951 3181 1103 3254 praesertim
1116 3173 1141 3240 C
1156 3188 1225 3245 dona
1245 3187 1392 3245 inlldclium
1414 3201 1512 3254 musa,
1535 3188 1625 3259 potius
1647 3201 1728 3260 quam
1743 3184 1877 3256 bdelium,
1891 3185 1957 3242 data

302 3279 523 3353 persecutionum
542 3275 663 3340 suculis.
678 3277 762 3350 lactus
774 3273 941 3348 periculuni;
960 3274 1044 3330 multa
1060 3281 1102 3328 ta·
1155 3298 1217 3341 esse
1229 3282 1352 3356 agnoscit
1364 3282 1503 3354 apostolus
1517 3281 1625 3339 utiliora
1638 3280 1753 3353 proinde
1770 3279 1874 3346 lutura,
1889 3279 1913 3335 si
1927 3279 1957 3337 in

300 3389 366 3433 pren
381 3382 459 3429 crant
472 3373 500 3429 in
516 3372 559 3429 bis
571 3371 725 3443 adiaphoris
737 3388 797 3444 quae
811 3373 845 3429 ad
859 3372 1028 3430 subditorum
1042 3372 1102 3428 cul·
1155 3377 1346 3436 convertendis
1360 3376 1512 3434 inlidelibus
1525 3376 1708 3449 potiusquam
1721 3373 1957 3431 udetibnsoonur-

302 3475 360 3521 tnm
374 3466 609 3537 reverentiamque
620 3466 817 3523 conciliandam
830 3466 960 3534 lacerent,
976 3482 1037 3539 qnae
1047 3480 1101 3522 non
1155 3475 1279 3541 mandis,
1293 3473 1502 3532 collocarentur.
1513 3471 1581 3530 Cum
1595 3473 1746 3545 presertim
1764 3486 1799 3527 eo
1814 3471 1872 3542 ipso
1890 3483 1958 3525 con·

304 3558 702 3631 crantsaocnegllgendu.cuu
716 3559 1103 3630 prasertimoonimperaren-
1155 3559 1951 3635 siliomlssiesaent,nonqnicentenaesexciperenanndo,

300 3660 346 3708 tur
372 3652 430 3708 lianc
450 3651 551 3716 oldaia,
564 3651 612 3708 scd
627 3666 692 3709 nero
706 3651 845 3709 liberrimo
857 3651 1103 3722 ardentissimoque
1154 3661 1202 3718 sed
1215 3661 1261 3734 qui
1275 3660 1388 3719 nominee
1401 3667 1494 3716 essent
1505 3667 1533 3715 es
1542 3661 1663 3736 συνεργοὶ
1676 3656 1859 3714 itinerantium
1874 3665 1956 3728 arque

302 3745 471 3803 subditorum
486 3735 678 3817 pensarentur
689 3746 832 3818 obsequio.
1154 3756 1393 3829 peregrinantium.
1418 3753 1475 3811 Sed
1498 3768 1564 3811 reso
1587 3752 1667 3808 aliam
1691 3750 1801 3808 omnino
1823 3747 1957 3804 adminis-

300 3904 303 3911 .
340 3839 419 3912 iil·
439 3842 528 3911 nane
542 3838 1103 3913 lincwarcluuiuusausuouuualiunde
1154 3850 1242 3909 erana
1256 3849 1388 3906 rainonem
1402 3845 1529 3919 exigebas
1543 3844 1716 3902 antiocenae
1732 3840 1854 3899 metesa
1873 3852 1956 3910 qnam

300 3947 357 3990 ¹²⁰⁰
372 3931 583 4005 5⁰¹⁰¹¹³d0l⁸m¹¹⁵
603 3948 683 4006 quem
699 3935 786 3990 ¹⁰0¹¹¹¹¹
800 3934 828 3989 5¹¹
844 3932 965 3991 &cliiii
979 3932 1103 3990 ⁰¹liflb110·
1153 3944 1334 4014 sequentium,
1348 3952 1376 3999 ut
1387 3942 1487 3999 trustra
1501 3941 1556 3996 sint
1567 3940 1678 3996 omnino
1692 3936 1738 4010 qui
1753 3933 1818 3992 nillil
1831 3931 1912 3990 bodie
1926 3932 1956 3989 in

300 4024 359 4081 rint
372 4023 471 4097 quibis
483 4024 662 4098 legationibus
674 4025 807 4083 obeundis
820 4025 1032 4096 destinarentur,
1048 4041 1102 4086 non
1154 4038 1275 4096 Eoeiesin
1302 4037 1460 4109 permittunt
1483 4035 1534 4090 nisi
1554 4032 1626 4106 quod
1648 4030 1683 4087 ad
1706 4029 1778 4085 illius
1798 4024 1956 4099 apostolic&

302 4133 366 4175 esse
379 4128 468 4176 tamen
481 4119 553 4192 quod
572 4119 727 4177 dubitemus
741 4122 805 4192 quin
820 4123 842 4176 is
858 4122 939 4178 luerit
956 4122 1101 4181 admodum
1155 4130 1283 4189 Ecclesia
1295 4129 1399 4186 secedit
1411 4127 1577 4198 exemplum.
1593 4121 1807 4182 Considerandae
1819 4127 1883 4177 sant
1894 4132 1956 4175 om·

300 4209 477 4268 lionorillcus.
493 4213 696 4269 ordinariorum
715 4211 811 4270 lrnrum
830 4214 958 4271 Ecclesia
978 4216 1102 4275 ministc-
1153 4224 1219 4280 nino
1230 4221 1439 4280 circumstantia
1452 4229 1482 4277 et
1494 4218 1634 4291 pmdcntia
1649 4214 1812 4282 adhibenda,
1829 4227 1883 4286 qus
1896 4225 1959 4269 cer·

300 4303 403 4362 riorum
412 4305 438 4361 in
446 4306 532 4378 prima
540 4307 633 4364 illimui
642 4308 781 4381 apostolici
789 4307 1002 4382 disturbandos
1010 4324 1103 4366 ussur-
1153 4328 1209 4374 tum
1224 4325 1267 4373 est
1279 4315 1370 4372 maritis
1383 4316 1410 4371 in
1425 4312 1506 4371 rebus
1517 4327 1582 4371 usos
1596 4326 1660 4370 esse
1673 4310 1823 4383 apostotos.

1770 4470 1868 4481 ..,-....

1200 4562 1415 4726 θΤ
1506 4553 1809 4723 liuta

593 4800 674 4884 DE
702 4801 982 4890 SECUNDO
1009 4805 1304 4891 MARTYRII
1332 4801 1642 4909 BAPHSMO,

703 4937 707 4942 ’
930 4941 1094 5003 nuuuuuu
1113 4943 1319 5004 ucuwutuc.

297 5078 465 5155 gie-Car
486 5077 643 5152 sinqnlarcrn
662 5079 722 5136 ltnic
737 5090 889 5154 arpuarcutn
910 5081 1023 5139 dicantus
1043 5084 1097 5139 dis·
1185 5080 1251 5155 -5
1273 5080 1301 5138 9.
1319 5079 1425 5137 Oiasso.
1450 5082 1563 5152 pmnroe
1583 5078 1660 5153 lactis
1680 5077 1787 5134 Domini
1811 5075 1954 5150 legitimam

335 5172 555 5230 sectationem-
569 5170 625 5245 5²·
636 5170 673 5227 ali
684 5173 868 5241 antiquissimis
881 5190 961 5246 utque
973 5174 1097 5232 Ecclesia
1187 5177 1324 5244 procedere
1336 5173 1594 5246 arpensentatioacm,
1606 5170 1771 5244 precipicio
1785 5186 1865 5243 penus
1878 5170 1954 5244 [artis
2050 5203 2060 5218 =

331 5265 485 5338 temporibus
499 5263 534 5318 ad
551 5277 638 5319 nostra
651 5264 705 5320 lrae
727 5264 857 5322 descendit
871 5267 969 5337 opinio.
985 5299 1021 5310 —
1036 5267 1051 5341 5
1065 5270 1092 5325 5.
1185 5265 1464 5337 qnatinodtnbnerans,
1475 5267 1556 5323 larcin
1565 5282 1652 5334 cautu,
1663 5264 1843 5339 actaea-§i
1854 5265 1951 5336 tu,tt.

336 5356 483 5431 Baptismus
513 5372 610 5428 aqueus
632 5366 655 5411 et
682 5358 742 5414 nnio
766 5368 872 5414 caterua
894 5376 951 5417 cum
980 5358 1099 5418 Ecclesia
1188 5358 1249 5416 ota.
1278 5362 1409 5431 arundo,
1436 5378 1488 5418 non
1509 5362 1617 5433 essetis
1641 5359 1730 5427 modo,
1754 5360 1800 5441 fed
1828 5376 1863 5416 ea
1888 5357 1954 5427 ipris

339 5451 512 5521 praerequisita
544 5449 578 5504 ad
600 5450 767 5522 sanquincnm
786 5453 904 5526 nrartprii
931 5454 1096 5529 baptismum.
1185 5452 1294 5510 Domini
1305 5454 1398 5524 uerbis,
1411 5464 1511 5511 constat
1532 5470 1580 5527 pro
1601 5453 1729 5526 baptismo
1741 5453 1884 5511 aetenum·
1899 5465 1954 5507 esse

333 5569 370 5582 -
383 5539 398 5612 ξ
411 5540 438 5596 l.
461 5541 620 5612 Baptismum
638 5543 807 5616 sanguineum
826 5562 908 5617 aquea
927 5549 1095 5619 praetulerant
1186 5549 1349 5620 rnarlprirrna.
1364 5548 1428 5622 mg
1443 5548 1486 5606 li.
1504 5548 1567 5604 dds.
1583 5550 1668 5615 tertio,
1685 5565 1738 5605 nan
1754 5548 1887 5605 nortonam
1899 5561 1954 5602 ests

334 5641 438 5687 calmes.
454 5661 490 5672 —
502 5632 534 5705 §i
547 5633 575 5701 5,
591 5632 619 5691 6.
633 5632 795 5706 Explicatur,
812 5636 862 5692 bae
880 5638 907 5694 in
920 5654 1009 5707 caum,
1023 5641 1095 5699 lorus
1186 5640 1331 5711 dumtaxat,
1347 5644 1492 5700 cedrenum
1508 5643 1587 5699 ctiam
1604 5644 1722 5716 ipsarum
1740 5639 1861 5713 baptismi
1877 5650 1954 5711 atquc

334 5722 468 5795 Cypriani.
481 5754 516 5768 -
533 5722 585 5797 57.
599 5724 754 5799 Desmditar
767 5727 823 5785 lacre
836 5739 947 5787 selmum
959 5736 1093 5791 mulcatis.
1186 5736 1305 5807 martyrii
1322 5735 1480 5809 affinitatem.
1504 5735 1632 5794 Locorum
1656 5735 1832 5800 oecumenem,
1845 5732 1872 5788 in
1892 5730 1953 5802 qui·

333 5843 370 5860 -
394 5812 452 5894 ili.
469 5814 493 5873 li
504 5815 593 5893 quibas
607 5818 752 5895 Scriptura
773 5821 837 5897 locis
850 5822 922 5882 illam
935 5825 1094 5902 collegerint.
1185 5827 1233 5888 ias
1253 5829 1286 5888 de
1308 5831 1434 5907 baptismo
1456 5832 1591 5909 sanguinis
1611 5831 1655 5902 aqi
1668 5828 1832 5888 crediderunt
1845 5836 1949 5898 ustam,
