4150 6250
130 357 186 413 ddi

129 482 188 530 tatu
206 471 288 527 totius
302 470 476 543 agricultum
488 469 612 528 doctriua
632 469 761 527 imbutus.
783 469 821 525 ue
840 469 961 538 aratriA

128 579 211 637 porro
224 564 394 636 aliorumque
413 563 448 619 ab
467 564 588 620 ,lunobio
601 572 811 620 memoratorum
827 564 923 620 iuren-

127 660 210 724 tioue,
242 656 343 715 videsis
370 657 534 731 Polydorum
564 657 728 728 Vergilium,
753 655 925 728 alinsqnede

125 769 218 809 rerunt
226 754 411 809 inventoribus
419 755 567 826 scriptores
579 752 700 827 (diodor.
709 751 744 806 lib
770 769 791 818 ι,
806 769 866 824 pug.
878 753 920 820 il,

125 848 174 915 le,
190 847 240 904 loc.
255 847 321 913 citt
339 846 434 919 Polpd.
455 846 540 919 (ιι),
557 846 603 904 tu.
615 863 623 902 ι
633 889 641 913 ,
653 846 746 902 deine.
762 861 826 909 rer..
839 861 863 901 c.
874 845 921 913 2l,

124 939 464 1014 etlib.tit,cap.2rl3).

162 1035 207 1092 Ex
224 1036 381 1101 bisantem,
405 1051 465 1107 qum
479 1035 632 1102 retulimus,
653 1034 720 1090 iliutl
739 1033 816 1089 lacile
843 1032 922 1090 intel·

122 1131 235 1203 ligitur,
249 1130 322 1202 quod
338 1128 473 1185 llrrtobius
485 1128 548 1184 aiibi
563 1128 656 1185 scribit
670 1125 797 1201 (ulmob,
810 1125 858 1182 tib.
884 1142 920 1193 tt,

123 1241 177 1296 pop
202 1220 251 1295 uo)
275 1222 377 1293 primos
397 1221 521 1277 bomines
536 1235 588 1277 oon
603 1220 688 1278 alium
703 1220 860 1277 adhibuisse
880 1219 920 1274 oi-

121 1319 187 1375 bunr
200 1361 208 1385 ,
223 1333 304 1390 prtum
323 1316 455 1384 glandes,
479 1326 524 1371 aut
544 1331 577 1372 ea
597 1316 680 1371 rantis
700 1314 853 1386 agrestibus
872 1313 921 1368 bu·

120 1412 220 1478 culos,
234 1426 284 1468 nee
297 1410 365 1466 alias
376 1425 456 1481 ortam
469 1424 503 1465 ex
518 1409 666 1466 corticibus
685 1417 714 1464 et
727 1407 843 1479 pellibus
858 1422 920 1461 res-

121 1514 174 1561 tes.
201 1503 276 1573 Quod
290 1504 378 1558 adbuc
398 1501 506 1558 iliodori
519 1502 601 1559 Siculi
615 1543 622 1566 ,
646 1501 755 1565 baruti,
776 1498 916 1565 Lucretii,

118 1608 149 1656 et
176 1598 289 1653 aliorum
319 1597 474 1653 testimonio
501 1596 638 1652 stabilitur
663 1610 695 1650 ao
720 1594 917 1651 corroboratur

118 1689 266 1765 (Dicdum,
287 1688 332 1748 lii.
346 1706 370 1755 ι,
395 1706 455 1762 pag.
471 1690 508 1755 li;
524 1688 620 1757 otiu..
634 1688 679 1745 tit.
700 1705 710 1745 ι
734 1687 850 1754 darton,
871 1686 918 1742 rui

118 1783 189 1855 firm:
208 1783 331 1849 decret,
346 1783 391 1839 ut.
413 1799 441 1847 r,
452 1799 518 1839 uera
540 1781 590 1839 95¹
608 1792 631 1837 et
644 1780 739 1855 aequ).

156 1876 464 1934 mutuaenutuae
479 1886 574 1932 nostro
596 1876 747 1949 appellatur
769 1876 916 1940 ilercules,
931 1889 956 1951 Β

118 1967 252 2040 deeujus,
264 1969 385 2033 utaiout,
398 1970 535 2052 laboribus
547 1969 675 2041 loqttitur.
690 1967 745 2025 Sed
768 1968 794 2023 bl
809 1967 916 2024 labores

118 2064 162 2119 eui
179 2064 264 2135 ignoti
279 2078 340 2119 esse
360 2064 492 2134 possunt?
506 2061 536 2119 Si
559 2062 605 2117 ulli
626 2072 716 2118 tamen
741 2063 851 2117 curioso
875 2061 918 2115 io-

117 2155 346 2228 rumpentium,
369 2156 429 2212 illus
449 2156 485 2212 ab
508 2156 602 2212 codem
634 2155 752 2212 Diodoro
777 2154 868 2212 Siculo
889 2165 918 2212 et

117 2250 181 2306 aliis
207 2251 331 2322 plurimis
352 2251 500 2322 explicatos
525 2251 644 2308 inveniet
668 2250 915 2326 (dioecesium,

119 2344 165 2403 ut.
181 2361 219 2412 ιι,
234 2345 333 2412 utute,
352 2363 413 2419 pag.
429 2346 482 2402 tta
495 2355 519 2401 et
539 2348 633 2417 erup).
659 2347 696 2402 lle
708 2346 755 2402 illo
777 2356 866 2401 autem
891 2355 918 2402 et

117 2436 219 2494 bibero
238 2441 320 2496 etiam
336 2455 385 2494 sen
409 2439 526 2505 Baccho,
552 2449 580 2495 et
598 2439 660 2495 aliis
686 2439 731 2509 qui
756 2438 792 2493 ob
817 2438 916 2494 eximia

116 2533 202 2603 beta,
221 2546 248 2591 et
272 2533 404 2590 muniuit
427 2533 524 2590 collata
540 2532 695 2590 bominibus
710 2532 747 2587 dii
771 2531 917 2588 renuntiati

117 2640 201 2696 suut,
216 2640 313 2700 preter
336 2628 503 2685 Lactantium
518 2627 660 2699 (Lustrat,
685 2626 729 2683 tit.
748 2642 776 2696 ι,
791 2641 850 2698 cup.
866 2625 916 2693 td,

117 2742 185 2798 pap.
201 2721 542 2797 perscrutarentur
558 2721 685 2777 llonttius
701 2740 708 2776 z

163 2837 282 2888 Romulus
295 2845 321 2889 et
332 2835 409 2888 Liber
421 2835 707 2899 murmurationum
718 2835 821 2899 Pollux,
838 2855 841 2864 ·

163 2900 225 2952 Post
235 2902 345 2964 iugentia
357 2898 421 2951 beta
429 2900 532 2951 deorum
546 2901 571 2950 iu
579 2899 670 2962 templa
682 2903 789 2963 recepti,

162 2963 228 3016 Duttt
241 2970 322 3016 terras
334 2963 513 3027 bominumque
524 2964 608 3014 uolunt
618 2974 708 3024 genus,
721 2975 809 3027 aspera
819 2962 887 3015 bella

146 3057 150 3065 ·
162 3028 328 3092 estepanum,
339 3039 413 3091 agros
424 3027 558 3091 assignant,
570 3039 610 3090 opp
619 3025 659 3075 lda
669 3024 786 3076 condunt.

446 3153 530 3204 Dirum
559 3157 583 3203 ul
594 3152 823 3217 coutttditbydram,

162 3216 415 3284 &superornatam
425 3229 542 3280 supremo
567 3216 709 3267 oedomati.

304 3302 413 3368 (Herm,
423 3299 465 3352 tlt.
478 3315 506 3362 n,
516 3298 584 3366 epist.
596 3315 616 3363 ι,
628 3311 692 3352 terr.
702 3301 718 3351 5
727 3305 750 3351 et
759 3297 839 3366 epp.)
928 3292 952 3356 C

163 3436 199 3490 Αι
224 3433 325 3491 merito
349 3431 486 3491 arnobius
518 3429 646 3485 liumaois
672 3429 817 3498 exprobrat
843 3427 916 3500 quttd

117 3526 190 3585 bmtc
203 3527 368 3594 Romulum,
390 3541 471 3598 quem
488 3524 614 3581 lloratius
635 3525 751 3595 primum
776 3524 914 3590 nominat,

116 3624 154 3679 ult
165 3623 274 3695 egregia
296 3621 365 3677 laeta
381 3636 413 3677 ac
432 3620 530 3678 collata
556 3620 703 3687 beneficia,
725 3620 838 3677 deorum
864 3636 914 3677 ιιιι-

118 3732 200 3774 utero
220 3715 413 3788 adscripserint
446 3713 608 3771 Senatmuut
631 3713 764 3787 siquidem
793 3715 916 3771 munibus

122 3808 292 3881 discerptus,
315 3808 527 3880 interiectusque
550 3807 659 3863 luerat:
679 3827 689 3862 t
708 3807 803 3865 Nouate
827 3808 914 3876 ipsum

119 3901 268 3959 Romulum
290 3911 412 3974 patrem,
447 3920 457 3955 r
486 3901 574 3972 inquit
597 3899 642 3957 ilie
670 3901 797 3973 (darton,
823 3900 866 3956 iil.
885 3916 915 3967 ι,

116 4013 183 4067 pap.
194 3992 255 4065 st),
270 4013 281 4048 t
297 4002 453 4051 senatorum
470 3993 594 4050 manibus
606 3993 780 4049 dilaceratum
796 4003 915 4063 centnm,

117 4100 146 4147 et
159 4088 302 4158 Quirinum
320 4102 382 4144 esse
398 4086 524 4143 llartium
547 4087 654 4154 dicitis,
679 4094 707 4141 et
730 4087 916 4145 sacerdotibus

119 4195 147 4240 et
160 4181 345 4252 puluinaribus
363 4181 515 4246 bonoratis,
522 4189 550 4237 et
563 4181 589 4236 in
604 4178 709 4237 :edibus
723 4180 841 4237 adoratis
856 4198 915 4237 am·

117 4274 269 4348 piissimis,
290 4282 390 4347 etpost
404 4275 461 4329 itanc
474 4277 565 4331 outttia
585 4273 684 4329 coelum
698 4273 854 4330 ascendisse
872 4274 916 4346 Ju-

116 4367 195 4425 ratis.
228 4385 238 4420 t
268 4366 355 4423 Vitam
381 4376 473 4422 autem
501 4366 618 4422 Romulo
650 4374 703 4421 tam
727 4367 874 4424 crudeliter
900 4382 915 4424 a

118 4458 293 4517 senatoribus
305 4460 387 4514 luisse
406 4468 545 4530 creptam,
567 4458 674 4515 tametsi
689 4458 781 4515 Liuius
792 4460 917 4520 dissimu-

116 4552 178 4610 lare
190 4560 321 4619 condor,
339 4552 461 4610 Valerius
480 4563 569 4610 tamen
590 4551 740 4619 llaximus,
768 4564 795 4612 et
816 4555 915 4628 Diony·

116 4646 178 4701 sius
191 4643 433 4718 ilalyearuasseus,
458 4643 540 4700 etalii
556 4643 642 4714 palum
663 4654 810 4718 aperteque
831 4644 916 4702 lauten-

117 4750 164 4793 tur
174 4735 260 4807 (Lim,
275 4735 319 4791 lib.
333 4752 433 4808 t,cup.
447 4736 491 4802 aa
505 4735 592 4791 (αλιι.
607 4736 700 4806 lton,
714 4740 759 4794 lib.
773 4756 799 4807 ι,
810 4757 868 4807 cup.
886 4741 914 4808 5,

117 4828 132 4901 ᾗ
150 4829 187 4892 i;
202 4826 310 4900 dionys.
333 4827 443 4896 liuba,
459 4829 506 4887 b'b.
523 4845 559 4895 tt,
575 4830 662 4901 Antip.
676 4849 788 4896 roman..
804 4850 831 4903 p.
857 4832 913 4907 18).

737 353 770 409 tu
790 349 977 421 ansouldus,
998 352 1074 411 CAP.
1094 354 1155 411 xt·

1722 356 1775 416 illd

974 470 1200 537 admirationem,
1235 479 1264 528 et
1297 470 1436 532 beuellciis
1465 473 1686 530 benemlentiam
1709 489 1773 548 gra·

978 563 1052 635 tique
1064 563 1148 619 animi
1170 566 1329 621 memoriam
1351 564 1401 621 sibi
1421 565 1642 622 oottciliarermtt.
1667 565 1695 622 st
1716 567 1773 622 suis

976 673 1041 730 orgo
1054 674 1082 712 ra
1097 657 1203 714 ionibus
1216 659 1481 726 strumentorum,
1496 675 1549 714 non
1568 669 1691 731 poterant
1706 673 1773 718 saue

975 751 1075 808 Citristi
1091 768 1189 823 negare
1208 751 1396 819 diuinitatem,
1409 763 1452 806 ant
1467 752 1580 819 rejicere
1600 752 1771 823 religionem,

975 856 1002 902 el
1017 847 1044 900 Ιιι
1058 847 1116 917 ejus
1137 851 1285 902 sectatores
1302 854 1377 901 tattlu
1400 846 1490 903 lurttre
1512 847 1683 903 dedecorari.
1706 847 1773 917 Quis

975 940 1066 1011 itaque
1090 957 1143 996 nam
1167 940 1257 997 videat
1281 956 1361 1012 qttatn
1385 941 1460 998 luttle
1475 958 1627 1013 renumque
1648 942 1684 997 sit
1706 941 1771 998 iliud

974 1034 1181 1105 argumentum?
1194 1034 1253 1089 lam
1279 1049 1345 1090 netu
1365 1035 1544 1104 vidimusque
1558 1034 1664 1090 natione
1686 1032 1772 1091 lliuu·

973 1127 1031 1182 cius
1055 1126 1131 1183 Felix
1153 1125 1224 1181 bunc
1246 1141 1368 1182 errorem
1381 1128 1525 1193 everterit,
1545 1141 1577 1182 ac
1596 1121 1665 1182 inira
1681 1137 1772 1183 osten·

972 1218 1069 1274 detmts
1081 1220 1247 1289 qttontodoa
1274 1220 1414 1276 Lactantio
1426 1228 1454 1276 et
1474 1218 1641 1275 Tertulliano
1665 1217 1772 1274 retello·

973 1321 1015 1369 lor
1031 1313 1154 1385 (ibidem,
1172 1323 1222 1368 ιιι.
1240 1329 1265 1376 t,
1283 1313 1416 1370 dissertat.
1434 1315 1460 1368 ιἰι
1475 1312 1616 1379 lactant,
1634 1329 1692 1382 cup.
1718 1312 1752 1373 ib
1762 1354 1770 1380 ‚

972 1417 1023 1464 art.
1040 1409 1074 1476 5,
1098 1419 1121 1463 et
1144 1408 1171 1463 itt
1196 1406 1367 1474 Tertulliano,
1381 1424 1441 1480 cup.
1462 1408 1517 1476 25,
1533 1418 1584 1464 nrt.
1598 1405 1638 1481 d).

1204 1519 1209 1526 '
1272 1539 1478 1581 torrentesut.

970 1663 1125 1730 Expenditnr
1148 1664 1211 1714 aliud
1235 1661 1336 1713 droobii
1357 1672 1441 1715 eontra
1453 1664 1608 1714 ethnicorum
1620 1664 1768 1729 religionem

1000 1737 1182 1789 argumentum,
1197 1727 1253 1776 iude
1276 1727 1385 1787 ductum,
1399 1727 1463 1788 tpttoal
1485 1726 1771 1779 etbnioitllxeriutdeos

1001 1803 1059 1840 snos
1070 1804 1152 1840 roaros
1164 1799 1191 1840 et
1200 1790 1311 1838 teatinus.
1326 1802 1354 1838 ac
1367 1787 1502 1839 celebratis
1521 1790 1626 1838 ltutttuoo
1642 1803 1711 1838 mare
1723 1803 1770 1840 ntt-

1002 1855 1067 1916 ptiis.
1088 1853 1187 1915 ulloque
1210 1852 1311 1914 turpiori
1333 1851 1404 1900 modo
1424 1850 1485 1901 lilius
1509 1864 1662 1915 prtmreasse,
1683 1852 1723 1901 ubi
1735 1851 1769 1903 de

1001 1916 1147 1977 septituauls
1159 1914 1262 1972 staturis,
1277 1911 1425 1972 rbalcidicls,
1449 1913 1649 1972 Hellespontiaco
1667 1912 1768 1977 Priapo,

1000 1977 1094 2028 Cerere
1107 1989 1247 2034 alamuosa,
1260 1976 1361 2026 deorum
1370 1975 1461 2029 ttuutiis
1470 1975 1770 2039 usu,lttrre,coemptione

1000 2038 1143 2098 celebratis,
1167 2038 1332 2102 sponsalibus,
1352 2039 1502 2088 leseruninis
1522 2041 1679 2096 tarutiuibus,
1699 2040 1769 2102 regie

1000 2102 1062 2175 Opis
1072 2103 1166 2154 solmle.
1193 2100 1272 2154 ioiauti
1295 2101 1401 2149 Veneris
1421 2099 1544 2164 Cytheriae
1564 2109 1629 2162 ortu,
1648 2107 1769 2154 elmere·

998 2165 1086 2216 trtcula
1098 2163 1209 2224 Venere,
1222 2177 1236 2214 a
1248 2176 1311 2228 rege
1323 2162 1409 2231 Cyprio
1416 2164 1503 2216 ditata.

1005 2338 1205 2395 validissimum
1228 2355 1294 2396 saue
1312 2350 1405 2395 contra
1427 2339 1551 2397 ethnicos
1571 2348 1764 2412 argumentum

969 2432 1031 2489 inde
1059 2432 1148 2488 adbuc
1180 2433 1247 2502 petit
1273 2432 1428 2499 Arnobius,
1459 2433 1531 2504 quod
1556 2432 1594 2488 illi
1622 2433 1688 2489 deos
1705 2446 1769 2488 suos

969 2541 1059 2582 mares
1071 2536 1099 2582 et
1111 2525 1234 2581 ¹lemiuas
1254 2526 1448 2597 predicarent,
1464 2541 1497 2582 ac
1512 2527 1624 2597 publicis
1642 2526 1698 2583 suis
1709 2542 1769 2598 pre·

969 2619 1046 2676 cibus
1070 2621 1262 2689 profiterentur
1287 2639 1295 2675 ε
1320 2639 1330 2668 c
1358 2618 1425 2675 Natu
1453 2621 1635 2687 consuetis‚t
1660 2620 1765 2692 inquit,

968 2712 1084 2780 Arnai..
1107 2712 1152 2769 lib.
1174 2728 1219 2778 ιιι,
1246 2729 1306 2784 pop.
1330 2709 1394 2783 lab)
1424 2728 1434 2763 ι
1452 2713 1485 2788 io
1501 2713 1625 2781 precibus
1641 2729 1649 2769 ι
1664 2712 1723 2769 sire
1737 2720 1767 2768 tu

968 2805 1035 2861 deus
1047 2821 1096 2868 es,
1110 2803 1245 2871 sinedea,
1265 2806 1365 2860 dicere.
1382 2805 1447 2873 Qun
1473 2805 1649 2863 dubitationis
1666 2819 1767 2878 exeep-

967 2900 1027 2972 ptio
1048 2899 1114 2956 dare
1132 2914 1180 2955 ros
1203 2899 1256 2956 diis
1282 2914 1375 2956 sexum
1396 2901 1577 2972 disjunctione
1593 2916 1627 2957 ex
1650 2901 1706 2964 insa
1721 2900 1768 2958 de·

968 2995 1064 3049 clarat.
1084 3013 1094 3047 t
1109 2993 1185 3065 Apud
1200 2993 1348 3050 Varronem
1358 3010 1423 3050 nero
1433 2993 1547 3067 legimus
1558 2994 1694 3066 quttmodo
1704 3009 1767 3065 pre·

969 3103 1014 3146 ces
1029 3089 1081 3145 illm
1103 3089 1161 3146 beri
1176 3097 1375 3146 consueverant
1397 3107 1404 3146 :
1430 3088 1582 3146 ‹lucum›
1599 3090 1635 3145 ait
1661 3088 1765 3162 (lum,

969 3182 1013 3239 lil.
1037 3183 1070 3238 de
1090 3181 1129 3238 lle
1150 3184 1244 3251 mati,
1264 3178 1328 3255 popl
1340 3182 1419 3257 lae),
1439 3203 1449 3236 ι
1468 3185 1630 3240 conculcare
1649 3197 1763 3239 romano

969 3293 1046 3333 more
1060 3280 1100 3334 sic
1121 3289 1238 3349 oportet.
1268 3279 1355 3335 Pauca
1381 3279 1486 3351 piaculo
1508 3279 1598 3337 laeito.
1621 3279 1666 3337 Sic
1685 3280 1767 3335 verba

968 3373 1103 3441 concipitn
1118 3392 1126 3428 ι
1142 3370 1170 3429 st
1193 3372 1276 3438 dens,
1301 3375 1322 3428 si
1339 3373 1389 3429 dea
1403 3389 1450 3439 es,
1474 3373 1551 3444 enitts
1572 3372 1636 3430 illud
1660 3387 1766 3430 eaerum

967 3476 1018 3522 est.
1035 3467 1089 3523 seu
1114 3468 1171 3523 lunc
1189 3468 1273 3524 lttsius
1288 3469 1380 3539 probat
1397 3468 1549 3525 urtasnutas
1563 3467 1711 3540 (Baiarum,
1734 3468 1767 3522 de

968 3558 1108 3629 Furntul.,
1128 3579 1186 3632 cup.
1213 3566 1258 3635 bb)
1270 3607 1277 3630 ,
1291 3571 1319 3618 nt
1340 3578 1390 3619 nos
1408 3563 1443 3618 dc
1456 3563 1490 3618 iis
1503 3561 1604 3628 aiiuttld
1624 3561 1688 3617 alibi
1702 3561 1767 3617 atti·

967 3655 1056 3726 gimus
1081 3655 1232 3729 (ortanum.
1260 3657 1287 3711 ιἰι
1306 3656 1423 3719 illunc..
1446 3672 1504 3726 cup.
1536 3656 1584 3720 tt,
1609 3665 1660 3710 nrt.
1689 3654 1728 3726 l).

1004 3746 1097 3818 lleuue
1108 3749 1173 3802 sinit
1192 3746 1329 3803 druoltius
1343 3749 1394 3804 sibi
1406 3748 1440 3803 ab
1455 3747 1656 3805 inconsiderato
1674 3747 1766 3819 aliquo

967 3841 1067 3911 opponi
1075 3841 1352 3913 oltristiannsuuoque
1362 3840 1476 3897 eredere
1486 3855 1588 3896 marem
1597 3855 1657 3896 esse
1669 3841 1764 3911 ileum,

968 3934 1186 4007 quandoquidem
1201 3951 1319 4003 numen,
1336 3937 1420 4001 berte,
1437 3936 1577 3992 masculini
1591 3938 1698 4007 generis
1711 3945 1764 3992 est.

969 4029 1008 4085 Eo
1028 4030 1168 4085 enimuero
1183 4030 1293 4086 nomine
1314 4045 1367 4086 nott
1379 4045 1479 4097 sexus,
1495 4029 1543 4085 sed
1559 4043 1609 4085 usu
1632 4029 1765 4085 sermonis

969 4123 1103 4195 promitur
1117 4122 1164 4177 liei
1189 4122 1360 4192 siguiiientio.
1375 4122 1433 4178 Nou
1451 4123 1522 4179 [leus
1535 4137 1617 4193 crgo,
1632 4121 1680 4178 sed
1704 4123 1764 4194 ejus

968 4230 1067 4272 nomon
1083 4229 1168 4284 genus
1182 4214 1358 4271 mascnlinum
1373 4214 1517 4287 signiilcat.

1004 4309 1038 4364 dt
1052 4308 1119 4364 deos
1132 4322 1221 4362 mares
1236 4319 1264 4363 et
1276 4308 1390 4364 lemiuas
1402 4323 1465 4365 esse
1478 4324 1531 4365 noo
1545 4325 1624 4382 posse
1641 4310 1681 4368 sic
1699 4326 1764 4383 pro·

968 4403 1013 4459 bat
1024 4402 1168 4458 Artiobius.
1183 4400 1277 4468 Tales,
1302 4403 1388 4473 inquit
1401 4403 1529 4477 (uranu,
1545 4405 1591 4460 tiu.
1607 4421 1653 4472 ιιι,
1669 4425 1696 4477 p.
1713 4405 1765 4462 tot

968 4504 991 4548 et
1004 4494 1105 4564 teupi,
1120 4508 1181 4549 esse
1193 4503 1345 4564 nequeunt,
1360 4498 1425 4569 quin
1437 4511 1485 4552 eas
1502 4507 1594 4569 partes
1610 4513 1695 4569 eaque
1714 4498 1765 4554 ita·

967 4587 1049 4643 benot
1069 4585 1207 4653 membra,
1230 4587 1327 4660 quibus
1349 4600 1461 4660 uterque
1474 4605 1556 4647 serus
1575 4591 1763 4663 distinguitur,

928 4689 995 4761 Det
1008 4697 1068 4749 uun
1080 4681 1114 4737 ud
1130 4684 1330 4753 propagandam
1354 4685 1475 4740 solntlem
1498 4685 1566 4742 laeta
1585 4696 1657 4744 sunt.
1683 4689 1764 4760 lltqul

968 4789 1007 4829 ete
1023 4784 1115 4843 partes
1142 4790 1228 4847 eaque
1250 4778 1373 4846 corporis
1389 4777 1525 4842 utrtnbra,
1540 4779 1564 4833 si
1587 4780 1612 4837 iu
1626 4780 1678 4835 diis
1692 4779 1762 4846 slot,

967 4866 1090 4932 tantulis,
1107 4869 1176 4923 sicut
1196 4870 1277 4925 etiatu
1290 4872 1328 4926 ait
1347 4870 1453 4932 Cicero,
1475 4887 1527 4926 nort
1540 4880 1682 4935 potueruut
1696 4870 1762 4945 (Cic.

114 4922 179 4990 Quo
203 4938 283 4994 porro
310 4922 355 4979 ille
383 4923 463 4979 utotltt
485 4923 512 5027 iu
535 4924 646 5028 deorum
659 4931 828 5033 ‘nurnerumj
841 4928 915 5000 peje·
966 4960 1010 5015 ug·
1028 4975 1047 5015 Ι,
1061 4960 1094 5016 de
1110 4961 1206 5016 Nam·
1221 4964 1312 5029 uem„
1327 4980 1387 5034 Μ·
1402 4962 1457 5019 203
1472 4974 1494 5017 e,
1509 4979 1567 5033 “w
1580 4962 1602 5036 λ
1617 4963 1700 5019 Tm
1715 4963 1764 5036 ἰδῇ,

114 5023 197 5071 ¹²¹¹⁸⁶
211 5013 343 5085 P'‘’⁰⁰¹⁹'
360 5016 460 5073 ’ΒΜ
472 5024 507 5071 ⁵¹²
518 5058 526 5079 ⁸
539 5033 565 5073 ¹¹¹
576 5035 708 5090 ⁵⁰⁹⁰'¹⁰”
722 5022 914 5080 ⁰¹⁵⁸⁰s¹³¹⁵⁰¹¹⁸
931 5039 936 5047 ’
966 5061 1009 5108 tur
1022 5053 1137 5109 demum
1150 5054 1364 5121 immortalium,
1381 5055 1427 5125 (pti
1442 5071 1592 5125 numanam
1606 5067 1761 5123 senescunt,

115 5109 287 5168 “mmmm
301 5109 422 5183 (Dim
439 5112 467 5167 3²⁸
480 5109 593 5181 mmm
608 5130 668 5186 ΜΡ·
686 5115 731 5183 ¹5⁹
755 5125 804 5171 “²⁵‘'
825 5115 866 5187 ἢ·
966 5159 1016 5201 nec
1027 5147 1152 5214 corporis
1163 5146 1462 5214 riribttsdebilitantur,
1475 5150 1611 5219 procreari
1625 5151 1763 5207 debuisset

150 5227 222 5296 Quis
241 5227 331 5297 igitur,
353 5226 406 5282 uisi
422 5228 503 5298 piane
526 5230 660 5298 insaniat,
685 5230 773 5297 bunc,
791 5232 912 5303 aliusque
965 5237 1126 5305 multitudo,
1144 5250 1172 5296 ιιι
1183 5242 1274 5311 omnia
1296 5242 1328 5295 iis
1341 5242 1396 5309 juta
1412 5242 1490 5313 plena
1503 5244 1607 5310 iurent,
1623 5258 1673 5300 uec
1685 5245 1762 5303 eoelis

113 5340 131 5379 a
165 5323 248 5380 uobis
274 5335 459 5388 memoratos,
483 5341 662 5397 quacumque
687 5336 733 5383 aot
758 5327 835 5394 lulsa,
863 5338 910 5384 aut
964 5332 1113 5389 innumeris
1135 5346 1246 5403 possent
1267 5335 1385 5405 amplius
1402 5337 1547 5393 contineri.
1569 5337 1672 5395 Eodem
1693 5355 1761 5409 uuo·

12 5418 13 5437 ¹
112 5433 178 5474 aera
192 5416 640 5484 mnemiaemtnttssmauttautt
664 5420 771 5491 egumia
793 5420 911 5478 edidisse
962 5438 1015 5494 que
1039 5436 1200 5496 argumento
1224 5426 1582 5501 lliuuuiumaliosqucnsos
1603 5430 1687 5488 luisse
1703 5433 1760 5503 iarn

113 5509 246 5577 letantur,
269 5509 336 5567 deos
359 5511 479 5567 dixerit?
501 5511 567 5567 Num
595 5514 621 5568 bi
645 5516 703 5584 puri
730 5516 838 5587 potique
862 5519 911 5573 lto·
962 5518 1132 5573 ostendimus
1166 5516 1288 5590 (dissert.
1313 5519 1596 5588 immutandorum,
1621 5540 1680 5594 cup.
1708 5524 1758 5595 to,

12 5618 13 5649 ὲ
113 5606 204 5663 mines
225 5605 348 5671 luerunt,
380 5607 452 5678 iitpte
474 5608 684 5664 sceleratissimi.
710 5610 837 5677 Qttamris
859 5629 910 5669 ao·
962 5611 1064 5683 aare).

12 5728 13 5783 ,
114 5708 170 5756 tem
190 5710 243 5755 tam
259 5701 457 5772 sanctionum
469 5702 576 5759 scelesti
591 5711 619 5757 et
639 5701 764 5775 llagitiosi
785 5703 906 5776 luissent,
998 5706 1083 5774 Qttatu
1112 5708 1196 5765 multa
1220 5708 1468 5776 uutemabsurda,
1494 5710 1759 5777 cosummatus

113 5808 260 5866 numquam
285 5804 374 5852 tamem
395 5795 433 5850 illi
462 5795 542 5851 ctiam
566 5796 751 5852 omoeusimul
766 5838 774 5865 ,
790 5808 909 5855 tottam-
962 5800 1071 5872 indigua
1088 5818 1122 5860 ex
1137 5802 1246 5860 diverso
1258 5804 1377 5873 ipsorum
1398 5818 1465 5859 sexu
1484 5815 1647 5874 sequantur,
1671 5804 1759 5861 Arno·

114 5904 169 5963 gur
184 5904 217 5945 ac
229 5887 371 5958 ebusus,
385 5898 415 5948 ut
428 5903 509 5961 supra
524 5888 647 5958 uidimus,
673 5891 814 5964 stupendis
832 5892 909 5952 betis
962 5893 1023 5953 bins
1044 5894 1166 5954 breviter
1187 5896 1304 5968 explieat
1325 5896 1453 5968 (erma,
1468 5897 1514 5955 lii.
1535 5913 1582 5969 ιιι,
1601 5916 1662 5973 pap.
1679 5897 1756 5970 tot).
