4150 6250
252 268 319 327 1567

977 265 1148 324 eresbutx

1825 266 1903 324 {368

250 386 397 453 brrrnblus,
414 401 474 453 qnae
496 395 555 441 crat
569 386 734 453 intestinum,
752 403 801 457 per
814 390 886 461 quad
907 390 1044 462 proluvies
1056 387 1083 449 ll
1094 390 1233 445 succensis
1246 397 1350 445 tantum
1364 389 1524 446 carbonibus
1536 387 1634 445 torreri
1645 395 1780 458 poteraut.
1794 388 1833 442 Ea
1847 404 1902 443 au-

247 460 380 515 emittitur
389 457 445 532 (der
456 457 621 528 llastdnrru),
645 458 702 514 sive
715 460 790 528 prclo
800 463 855 517 siue
865 462 917 516 alia
927 463 1042 527 ratione,

247 540 413 600 porrectum,
428 528 524 582 deinde
535 527 608 583 luntn
620 530 795 597 exsiccatum,
809 533 878 589 adeo
891 544 930 599 ut,
944 534 1044 588 amisso

246 601 322 655 orrtni
336 614 416 654 succo
430 599 514 660 vitali,
529 601 695 672 perlongum
707 611 1045 674 tempnsmaneretputre-

183 676 188 683 ·
246 671 310 727 dine
325 671 464 725 intactum.
476 669 579 728 Onnes.

282 739 340 797 cot.
357 739 437 807 1956,
452 744 485 796 ad
500 752 589 797 stolam
607 741 648 797 Ea
659 744 786 812 quibus...
799 787 807 811 ,
822 762 870 817 pro
886 762 912 801 ι.
928 746 1043 811 Osset..

247 812 317 871 adde
332 831 338 867 :
354 842 390 853 -
403 811 657 887 umanumgraece
670 818 802 880 lainiaco,
824 818 981 874 membrana
1002 828 1045 874 est

245 884 336 942 uentris
357 892 385 939 et
411 883 531 954 pinguis,
557 886 761 956 quainleriorcs
777 892 877 944 uentris
892 899 982 958 partes
1003 898 1043 944 te·

245 966 354 1027 ganutun
368 966 396 1010 et
409 957 598 1012 intestinorum
609 956 783 1012 itranluuntur
793 958 940 1015 anfractus.
956 958 1043 1030 Supra

244 1029 293 1083 lib.
308 1041 346 1090 ιιι,
362 1042 423 1099 cap.
440 1027 484 1093 lb,
499 1026 566 1082 dirit
580 1039 739 1083 omentorum
754 1031 950 1085 membranulas.
964 1028 1044 1086 Conl.

245 1099 318 1154 Plin.
341 1098 409 1153 lilst.
436 1105 503 1164 nat,
528 1099 576 1152 lib.
592 1114 629 1165 tx,
657 1115 718 1169 cap.
734 1100 780 1166 57,
799 1111 827 1157 et
842 1102 935 1157 isidor.
951 1099 1042 1172 Orlgg.

245 1170 293 1298 lab.
316 1185 345 1239 ιι,
359 1184 418 1242 cap.
433 1171 460 1224 1.
475 1170 579 1225 Nauna.
595 1187 655 1241 pap.
672 1171 735 1227 ste.
751 1200 787 1213 —·
799 1171 891 1229 Germ.
905 1172 952 1227 dus
967 1170 1044 1228 illese.

271 1257 349 1297 nnat.

285 1313 364 1378 ibid,
379 1321 440 1381 post
453 1313 541 1369 eamd.
563 1322 620 1367 not.
635 1312 677 1368 lia
688 1314 779 1384 quibus
792 1316 881 1370 insere
895 1321 1020 1386 sequent.
1036 1332 1043 1368 ε

284 1383 359 1439 Buris
374 1386 457 1437 cauda
469 1395 505 1438 est
516 1384 631 1454 palasea,
645 1386 746 1457 rilipiue
759 1397 784 1441 et
793 1388 919 1456 sanquine
932 1385 1046 1440 delibuta

246 1456 331 1527 Sitipo
353 1464 396 1510 est
408 1454 492 1511 lerina
508 1472 541 1511 es
554 1457 656 1526 optimo
672 1456 761 1509 tritico
772 1458 944 1513 exactissime
956 1473 970 1510 1
986 1455 1045 1511 lur-

245 1524 987 1655 10111101111001111138111111101111.0111111.1101111111
998 1526 1045 1583 10-

246 1598 348 1654 venatis
362 1598 430 1668 (Sat.
445 1599 504 1662 r,6
524 1602 533 1671 )
547 1598 580 1653 de
594 1614 662 1670 pane
676 1614 771 1654 uersus
787 1619 794 1653 ι

323 1711 375 1762 Sed
385 1716 459 1761 tener
471 1718 498 1762 et
509 1714 608 1788 niseus,
621 1709 738 1824 mollique
749 1711 850 1776 siligine
861 1711 941 1764 iactus

325 1774 445 1825 Servatur
455 1775 563 1824 duranno.
712 1788 797 1837 annm,
809 1791 834 1838 p.
849 1777 904 1828 sla.

284 1902 366 1967 ibid,
387 1904 420 1956 ad
447 1911 538 1958 notam
564 1904 633 1970 Quid
659 1905 768 1974 titillo...
795 1920 844 1977 pro
871 1921 897 1959 u.
927 1903 1044 1969 Ossan,

248 1973 317 2030 adde
328 1992 335 2025 r
348 1973 473 2030 -Varia
489 1976 578 2044 itaque
594 1973 636 2029 bis
648 1978 802 2031 nominibus
822 1975 1044 2047 ignotisllburutn

245 2047 304 2101 siue
313 2046 508 2116 placentarum,
522 2061 633 2115 quarum
649 2062 714 2101 usus
734 2058 794 2103 erat
816 2049 842 2103 in
857 2047 942 2102 sacris
962 2049 970 2115 1
986 2045 1045 2101 lraec

246 2122 320 2173 enirn
336 2118 454 2186 antiquis
467 2117 628 2172 dicebantur
640 2117 715 2187 liba),
727 2134 826 2189 genera
841 2114 971 2173 describit
989 2116 1043 2173 Ar-

245 2190 353 2244 noltius.
371 2188 403 2243 lit
418 2190 528 2243 onrrtino
546 2197 652 2243 cnttstat
672 2189 828 2259 multiplicia
858 2189 975 2244 liborum
995 2203 1044 2259 ge·

246 2274 324 2322 ruera,
343 2259 453 2314 materia
468 2275 545 2329 aeque
557 2275 588 2314 ac
600 2260 683 2329 figura
709 2276 757 2330 pro
785 2262 890 2316 ratione
917 2260 1042 2326 deornm,

244 2331 343 2394 sinibus
365 2330 569 2393 offerebantur,
595 2332 723 2393 diuersa,
749 2332 896 2403 antiquitus
924 2329 1045 2386 adbibita

245 2402 329 2456 luisse
343 2401 369 2455 in
383 2401 533 2457 sacrificiis.
554 2402 597 2457 Sic
611 2402 680 2469 apud
695 2401 804 2458 Grmcns
827 2402 978 2457 invenimus
999 2404 1046 2458 πό-

245 2497 326 2538 ιιανα,
338 2475 452 2541 πῆανοι,
463 2474 574 2548 ψαιστά,
583 2477 735 2549 φθοῖς,οιοη
744 2473 778 2529 de
787 2476 882 2543 optrilms
893 2472 947 2528 rid.
959 2473 1047 2541 Span-

245 2548 380 2601 lrerniusm
396 2547 428 2599 ad
451 2546 590 2611 Aristoplt.
607 2546 689 2612 Pluu,
718 2560 791 2601 uera.
806 2545 867 2602 ctu.
895 2544 1046 2600 SicPollmt

245 2616 343 2674 Ouum.
358 2632 394 2682 ul,
407 2616 422 2689 §
433 2618 467 2673 iti
483 2636 491 2672 2
506 2619 608 2673 {trieres
624 2615 652 2673 bi
671 2621 748 2673 romei
761 2622 829 2673 πᾶσι
847 2620 925 2681 θεοῖς,
945 2616 1046 2676 κέκλην-

244 2714 290 2747 ται
304 2688 331 2744 δι’
345 2691 395 2745 ἀπὸ
409 2696 455 2746 τοῦ
470 2694 627 2762 σχήματος,
645 2692 734 2766 ὥσπερ
754 2689 767 2744 ὁ
793 2691 865 2763 βοῦς’
888 2691 979 2761 πέμμα
996 2691 1046 2765 γάρ

245 2765 304 2818 ἐστι
316 2764 413 2836 κέρατα
423 2761 487 2834 ἔχοι
499 2762 668 2834 πεπηγμένα,
681 2763 882 2839 προσθερόμειον
894 2761 1027 2817 Ἀπόλλωνι
1037 2800 1046 2823 ,

244 2837 290 2891 καὶ
300 2832 437 2909 Ἀρτέμιδι,
451 2837 495 2889 καὶ
509 2832 610 2909 Ἑκάτῃ,
626 2838 670 2889 aad
684 2834 782 2909 Σιλήνῃ,
798 2833 949 2905 pubescere
961 2835 1048 2905 piures

246 2908 452 2980 0111111111),καί
474 2908 588 2982 ἀριστὴρ
612 2905 702 2974 (01101
724 2920 822 2959 rrorrten
842 2905 1047 2959 similitudinem

248 2978 392 3044 qnamdam
407 2976 506 3032 babere
519 2975 628 3031 uidetur
641 2990 701 3030 cunr
719 2975 823 3047 pratillo
845 2974 978 3047 11001111)
1004 2980 1047 3031 ael

246 3047 331 3123 ὑγίεια
344 3048 446 3120 ὁμοίως·
454 3052 497 3103 καὶ
507 3050 558 3126 peip
570 3049 654 3123 ὑγίεια
660 3050 741 3121 μάζης
750 3049 820 3103 dorla
830 3041 906 3109 εἶδος.
915 3046 953 3102 lla
964 3047 1046 3102 eliam

248 3118 347 3187 Prirrpo
361 3119 411 3175 liba
425 3119 451 3175 in
467 3119 578 3174 irrrrrram
593 3119 686 3188 phalli,
705 3116 804 3173 Cereri
822 3118 848 3173 in
863 3115 979 3173 immam
995 3135 1045 3187 pu·

248 3189 330 3244 nendi
344 3191 483 3246 muliebris
496 3189 668 3261 edictaque
682 3189 842 3246 dicebantur
848 3190 1044 3264 petiunculam

248 3262 333 3318 inisse
343 3261 369 3314 iu
381 3260 531 3324 sacrifieiis,
542 3268 647 3315 constat
659 3275 691 3315 er
704 3259 835 3316 blisenna
849 3262 987 3331 deipnos,
998 3261 1045 3317 lib.

250 3347 305 3397 ιιι,
319 3348 379 3401 cap.
397 3335 440 3392 11.
456 3331 501 3387 ubi
515 3332 653 3401 complura
679 3332 860 3400 placentarum
883 3346 982 3398 genera
1004 3349 1046 3389 re·

251 3414 355 3461 cerrset.
371 3402 449 3460 Cotti.
463 3413 490 3458 et
502 3399 735 3459 Commentatores
748 3403 919 3460 doctissimas
931 3402 964 3457 ad
975 3401 1045 3460 rtet.

247 3476 407 3544 Herculum,
424 3486 488 3530 tom.
505 3475 720 3541 0111611111,
735 3488 796 3545 pag.
813 3474 876 3529 llll.
896 3472 998 3530 Oneun.

286 3572 366 3638 lbitl.,
380 3573 414 3629 11
429 3579 519 3626 notarn
534 3570 676 3626 carrena..
724 3583 754 3623 ro
766 3585 793 3623 r.
809 3567 911 3623 Onnes.
927 3609 934 3633 ,
948 3566 1017 3624 adde
1035 3586 1043 3622 :

249 3673 286 3688 -
299 3643 371 3700 Festi
383 3644 462 3700 uerba
474 3652 536 3697 snm
551 3659 557 3696 :
572 3640 694 3699 strebula
704 3583 828 3695 60111110
838 3640 941 3693 nentina
964 3638 1046 3695 Plau·

249 3728 291 3772 tus
302 3717 416 3786 appellat
430 3714 579 3770 coxendices
594 3713 746 3776 bestiarum,
769 3726 832 3781 quas
858 3708 941 3769 Graeci
964 3715 1045 3788 papie

250 3788 347 3854 dicunt,
362 3803 420 3855 quae
432 3786 460 3838 in
473 3786 566 3839 altaria
580 3781 811 3851 imponisalebant,
839 3793 867 3836 ut
891 3781 1001 3836 Plurstus
1019 3782 1047 3836 r'n

249 3858 397 3914 Friuolaria
409 3875 418 3912 .·
428 3856 541 3911 strebula
552 3856 654 3926 apmiua
664 3863 730 3910 tene.
743 3851 794 3910 Ubi
808 3852 861 3908 rid.
873 3853 968 3920 Decer,
983 3868 1045 3925 pag.

248 3931 376 4000 119100.
392 3929 494 3985 Onnes.

287 4023 368 4088 ibid,
382 4033 445 4093 post
458 4031 548 4078 natam
564 4018 738 4091 Pulpamentu
750 4017 818 4073 adde
832 4026 976 4088 sequentes
990 4035 998 4075 ι

287 4093 459 4165 Pulpameuta
471 4108 598 4152 nouassu,
612 4105 668 4162 quae
680 4091 706 4144 in
720 4090 826 4145 onubus
839 4100 898 4143 ceta
908 4099 978 4156 arsut,
991 4097 1045 4145 ete.

250 4163 337 4234 liujus
349 4174 437 4221 textus
459 4163 610 4220 obscuritas
637 4160 712 4215 illurn
732 4163 766 4217 ab
780 4161 906 4229 imnerico
920 4162 1047 4217 111110111-

249 4244 325 4291 tante
338 4236 449 4292 librario
469 4234 650 4290 adulteratum
670 4246 731 4289 esse
744 4232 810 4286 satis
827 4230 956 4285 nstcrrdit.
976 4231 1048 4300 Qua-

251 4315 364 4377 propter
379 4315 407 4363 ut
420 4309 463 4362 lux
477 4308 576 4377 aliqua,
591 4304 614 4357 si
643 4301 700 4358 lieri
725 4313 815 4373 queat,
842 4301 879 4355 illi
903 4299 1043 4371 sileretur,

251 4377 400 4432 observare
412 4379 499 4445 irruat,
513 4376 707 4446 pulpamentum
720 4388 734 4427 a
752 4374 832 4442 palpo
844 4373 936 4441 procttl
964 4372 1047 4428 daubin

251 4446 379 4502 deriuari.
397 4446 483 4518 Palpa
495 4459 596 4511 autern,
613 4450 651 4500 uti
662 4444 850 4500 animaduertit
863 4442 980 4499 Donatus
991 4442 1002 4516 (
1012 4444 1045 4499 ad

251 4517 361 4573 Terent.
376 4517 474 4590 Hecyr.
486 4528 538 4575 act.
555 4534 594 4582 ιιι,
610 4531 685 4573 scen.
697 4517 747 4583 rr),
762 4515 867 4584 proprie
881 4530 910 4569 en
920 4524 958 4570 ert
973 4530 1045 4581 raro,

251 4604 309 4659 quse
322 4590 502 4656 nrandncatur,
517 4589 620 4657 eoquod
635 4586 749 4656 pulsetur
762 4596 786 4640 et
796 4584 985 4640 conscindatur.
998 4585 1046 4641 lsi-

251 4660 336 4715 dorus
348 4676 413 4717 uero
427 4659 513 4735 (Orig.
526 4661 574 4715 lib.
592 4674 620 4724 ιι,
636 4672 662 4713 o.
679 4657 729 4726 ll:
749 4655 849 4728 Palpo,
862 4655 960 4724 inquit,
976 4658 1046 4712 dicta

250 4727 919 4802 quiacrumpulteolimcommiatavescebatur;etalibi
929 4725 988 4799 (lib.
998 4745 1045 4795 ιι,

250 4816 312 4870 cap.
328 4802 368 4874 ἓ),
380 4813 409 4858 ut
422 4803 511 4857 mrtltis
523 4801 638 4862 videtur,
650 4799 763 4854 melias:
776 4797 863 4862 Putea
875 4807 912 4852 est
922 4801 1047 4855 carosine

251 4873 414 4943 pinquedine‚
438 4873 518 4939 dieta,
542 4870 610 4942 quod
628 4870 752 4942 palpitet:
771 4871 853 4924 resilit
872 4868 940 4923 enim
965 4886 1048 4996 «Ἧι.

254 4941 330 4998 Hane
342 4944 454 5014 plerique
472 4953 496 4998 et
508 4943 602 4998 nircum
615 4949 715 5005 uocant,
728 4957 787 4995 cunt
797 4941 928 5012 plutinosu
938 4941 980 4996 rit.

251 5013 290 5068 ita
311 5014 478 5081 obseruatis,
502 5013 633 5085 particula
660 5012 783 5136 nepulira
810 5027 862 5065 nan
883 5009 910 5066 in
931 5010 1044 5067 Arnobii

251 5093 331 5140 textu
345 5085 423 5140 nobis
438 5099 489 5140 suo
502 5088 562 5139 loco
573 5092 644 5138 mota
659 5086 683 5137 ui
704 5092 765 5139 etur
778 5089 806 5139 et
820 5084 973 5152 reponenda
982 5092 1046 5138 ante

251 5169 351 5210 nomen
362 5157 537 5226 pulpamenta,
561 5163 640 5224 atque
662 5162 725 5207 arrte
747 5154 857 5208 verbum
871 5160 985 5208 nunaut
998 5168 1044 5209 su-

251 5225 415 5295 baudienda,
426 5228 574 5283 autitcrum
587 5224 752 5286 collocanda,
764 5225 799 5279 ita
808 5232 837 5279 ut
849 5224 1042 5280 sicscribatnr:

251 5294 315 5352 Non
326 5298 409 5366 placet
422 5299 553 5353 norrsinare
567 5312 670 5351 carnem
683 5295 821 5351 strebulam
825 5332 905 5350 .......
919 5311 970 5349 non
985 5297 1045 5364 put·

249 5380 370 5438 panteria
383 5385 451 5432 esra,
467 5383 524 5438 quae
535 5368 562 5422 iu
575 5367 680 5423 uanius
693 5376 762 5431 sunt,
775 5382 826 5421 nan
841 5375 900 5421 eata
915 5368 1041 5435 animata,

251 5448 304 5494 ete.
321 5439 367 5495 Sic
377 5435 447 5495 eniba
459 5447 567 5509 apertus
579 5438 632 5494 erit
646 5437 689 5493 bic
698 5436 811 5493 danubii
826 5451 942 5494 sensus:
958 5436 987 5492 ln
997 5454 1042 5493 sa·

248 5509 356 5565 01160111
369 5508 467 5565 frustra
480 5510 581 5566 adoleri
596 5523 656 5565 assa
675 5507 704 5563 in
716 5509 833 5564 verubus
858 5508 1041 5578 pulpamenta,

247 5578 356 5635 hocest
370 5580 466 5636 rnolles
484 5589 512 5636 et
534 5579 662 5636 delicatas
684 5580 773 5635 carnis
797 5580 856 5635 sine
879 5580 1042 5650 pinguedine

245 5659 347 5719 partes,
362 5665 422 5718 quae
435 5665 510 5706 suam
524 5661 634 5720 propter
644 5649 782 5706 mollitiem
790 5649 930 5721 palpitant,
942 5650 1042 5707 irustra

248 5719 329 5772 etiam
344 5719 419 5773 litari
429 5721 584 5777 animalium
597 5730 669 5786 esta,
685 5721 758 5789 prius
771 5723 889 5777 animata
900 5732 928 5775 et
940 5722 1041 5777 carbo·

245 5787 325 5840 nibus
340 5789 482 5844 torrefacta
494 5829 503 5858 ,
517 5805 577 5860 quae
595 5789 704 5859 quidem
718 5804 773 5847 narr
795 5793 822 5848 in
846 5790 978 5860 verubus,
991 5791 1039 5849 sed

1097 471 1150 515 tem
1163 461 1215 517 dlis
1227 462 1316 517 oblata
1329 460 1412 516 inisse
1430 463 1451 515 si
1466 462 1590 529 dubites,
1602 461 1743 517 certiorem
1756 468 1783 514 te
1798 459 1900 514 Festus

1096 531 1176 587 beist
1188 547 1214 585 r.
1227 544 1294 597 eata,
1311 534 1355 601 qul
1371 531 1434 587 inde
1446 547 1541 588 nomen
1554 547 1633 587 suum
1647 533 1740 586 sortita
1751 545 1813 585 esse
1825 532 1899 585 exis·

1096 603 1182 658 limat.
1200 602 1277 668 Exta,
1290 605 1337 669 ait,
1350 603 1428 669 dictu,
1448 604 1554 671 quodcn
1575 604 1624 657 diis
1638 614 1810 673 prosecentur,
1839 617 1902 672 quse

1096 675 1312 739 maaimeeetam,
1324 676 1490 745 retinentque.
1507 674 1620 739 Nouum,
1636 690 1698 744 pap.
1715 674 1778 729 511.

1134 743 1194 799 Nan
1208 747 1348 800 salsamina
1354 746 1473 813 denique,
1482 761 1540 814 que
1546 755 1604 799 suat
1613 762 1666 800 una
1674 742 1821 798 cornmietio
1829 759 1901 811 qua-

1096 816 1177 871 drinis
1191 819 1311 885 copulatu
1320 817 1352 871 de
1364 815 1491 887 [rupibus.
1504 815 1628 885 intelligit
1641 817 1700 870 sine
1714 816 1795 869 dubio
1808 815 1900 870 salsas

1097 886 1195 958 irriges,
1209 889 1251 943 rel
1264 887 1363 942 molam
1382 890 1493 952 salsam,
1505 888 1583 955 cuius
1598 888 1755 942 arctissimus
1778 900 1845 940 ursus
1869 888 1897 941 in

1096 959 1189 1013 sacris.
1202 957 1276 1013 lianc
1288 969 1378 1013 autern
1393 959 1490 1013 molam
1537 973 1669 1027 reparare
1678 960 1705 1012 in
1719 970 1896 1012 nsussacros

1097 1044 1195 1085 munus
1205 1030 1337 1100 uirginum
1355 1030 1500 1085 Vestalium
1514 974 1599 1084 disse
1621 1028 1737 1084 dicimus
1749 1043 1782 1082 ex
1797 1028 1900 1082 Servio

1096 1099 1130 1155 ad
1144 1099 1250 1170 virgil..
1264 1102 1351 1172 eclog.
1365 1100 1464 1163 111181
1480 1118 1486 1153 :
1505 1098 1571 1165 Far,
1591 1101 1687 1169 inquit,
1709 1100 1792 1169 ρὶιιιι,
1814 1099 1843 1152 11
1860 1108 1899 1153 est

1097 1171 1165 1225 treola
1178 1182 1259 1238 costa,
1275 1174 1355 1232 salsa,
1370 1172 1408 1225 ita
1421 1174 1470 1227 sit:
1485 1172 1596 1242 nirpiner
1610 1170 1724 1224 Vestales
1736 1181 1788 1225 tres
1812 1171 1898 1223 nmai-

1096 1258 1145 1295 nrae
1158 1258 1190 1296 err
1205 1241 1288 1297 Nanls
1305 1241 1425 1297 blaiisad
1436 1242 1520 1312 pridie
1531 1240 1595 1296 idus
1609 1242 1704 1307 blaias,
1718 1241 1824 1296 alternis
1835 1241 1896 1295 die-

1097 1316 1143 1367 bus
1155 1314 1239 1380 spicas
1253 1314 1360 1369 aduras
1374 1315 1401 1368 iu
1411 1313 1528 1369 corbibus
1546 1313 1691 1367 messururiis
1711 1321 1820 1381 0011101,
1836 1327 1896 1365 eas·

1096 1385 1237 1454 qtrespicos
1247 1385 1311 1455 ipsoe
1324 1386 1434 1456 uirgines
1445 1394 1551 1448 torrent,
1569 1385 1681 1452 pinsant,
1695 1383 1805 1444 nrolunt,
1819 1392 1896 1450 atque

1097 1456 1133 1509 ito
1148 1456 1264 1510 molitum
1276 1456 1398 1511 condunt.
1423 1454 1466 1510 Ea
1479 1473 1507 1509 ea
1523 1459 1593 1528 [ane
1603 1456 1713 1523 uirqines
1725 1464 1764 1507 ter
1783 1455 1811 1507 irs
1827 1469 1898 1507 anno

1097 1525 1192 1580 naulum
1203 1527 1311 1595 iaciunt,
1325 1525 1519 1599 erprrcalibuq
1542 1525 1694 1590 Vestalibus,
1716 1524 1806 1578 idibus
1826 1524 1899 1593 Sep·

1097 1596 1210 1659 tenebris,
1225 1598 1326 1668 adjecto
1338 1601 1393 1654 sale
1403 1606 1473 1653 cocto
1486 1608 1509 1652 rt
1522 1598 1577 1651 sale
1589 1599 1665 1654 duro.
1687 1595 1751 1651 Haec
1772 1595 1897 1659 Servius,

1097 1682 1113 1722 a
1125 1683 1179 1737 qno
1192 1668 1318 1724 dissentit
1335 1670 1457 1725 nonnibil
1471 1668 1606 1723 brnobius
1620 1677 1714 1723 noster
1723 1668 1816 1721 diceris
1838 1666 1897 1721 sal·

1099 1739 1203 1794 samina
1220 1740 1265 1794 illa
1288 1741 1330 1796 rel
1352 1742 1437 1796 molas
1457 1740 1544 1794 salsas
1566 1754 1620 1793 non
1633 1755 1665 1794 er
1686 1736 1770 1793 adore
1791 1745 1897 1792 tantum

1059 1779 1243 1873 Bconiectas,
1259 1812 1307 1867 sed
1319 1828 1353 1866 ex
1366 1811 1505 1882 quadrinis
1519 1809 1560 1882 (b.
1574 1825 1600 1864 e.
1614 1808 1799 1882 quadruplicis
1811 1822 1896 1875 qene-

1098 1879 1146 1945 ris)
1160 1878 1282 1952 frugibus
1296 1883 1454 1938 commixtas
1465 1881 1549 1938 iuuisse
1562 1880 1796 1954 (lartassisadore,
1811 1879 1894 1944 iarre,

1099 1952 1187 2007 tritico
1199 1962 1227 2008 et
1243 1952 1365 2025 luordeo).
1377 1951 1479 2009 Orsen.

1137 2043 1215 2111 lbid.,
1243 2045 1277 2101 ad
1302 2054 1391 2100 notam
1420 2044 1482 2100 Nou
1507 2045 1641 2110 similiter,
1664 2055 1764 2109 postu.
1779 2044 1895 2113 011111,

1097 2114 1167 2170 adde
1192 2134 1199 2169 ι
1226 2146 1262 2158 —-
1302 2117 1455 2173 linerobius
1485 2116 1511 2171 in
1535 2117 1630 2172 Soron.
1659 2116 1757 2186 Scip,
1790 2117 1840 2171 lib.
1867 2135 1897 2182 ι,

1097 2200 1158 2254 cap.
1175 2185 1202 2247 6.
1226 2186 1274 2242 tria
1294 2188 1420 2243 intestina
1440 2202 1501 2241 esse
1519 2187 1611 2250 docet,
1639 2203 1752 2257 qnorum
1781 2189 1899 2256 primum

1098 2258 1242 2329 dissipium,
1256 2259 1324 2314 alias
1335 2258 1483 2328 disseptum
1498 2267 1682 2327 nuncupatur,
1698 2274 1712 2311 a
1728 2256 1829 2314 Graecls
1842 2260 1901 2317 διὰ-

1098 2349 1211 2406 ppeppe,
1227 2330 1376 2385 secundum
1393 2329 1523 2396 medinm,
1535 2333 1708 2407 μεσεντέριον,
1724 2340 1752 2384 et
1774 2331 1897 2397 tertium,

1098 2399 1269 2468 praedicturos
1282 2403 1365 2457 lriram
1382 2412 1544 2465 uocauerunt,
1561 2399 1718 2471 habeturque
1738 2403 1898 2471 precipuum

1098 2472 1277 2526 intestinorum
1287 2474 1400 2527 onmium
1418 2484 1442 2526 et
1454 2472 1503 2526 cibi
1518 2474 1666 2527 retrimenta
1681 2472 1792 2525 deducit.
1809 2478 1899 2529 Arno·

1099 2541 1159 2595 liius
1170 2544 1259 2611 itaque
1270 2543 1335 2599 dicit
1349 2542 1468 2599 fendicas
1482 2543 1591 2598 easdem
1603 2557 1665 2598 esse
1687 2557 1719 2597 ac
1733 2544 1817 2608 biras,
1836 2561 1898 2615 quae

1099 2614 1208 2668 nomine
1222 2615 1327 2683 plebeio
1340 2615 1505 2669 vocabantur
1518 2613 1599 2678 bille,
1618 2612 1739 2683 nibilqne
1750 2613 1822 2670 aliud
1833 2627 1899 2672 surrt

1098 2699 1178 2754 qnam
1191 2685 1346 2740 intestinum
1359 2685 1495 2755 jejunum.
1508 2683 1626 2749 Nonam,
1636 2702 1697 2753 pap.
1713 2685 1777 2740 5¹5.

1134 2754 1194 2809 Col.
1211 2756 1292 2820 tuse,
1308 2756 1341 2811 ad
1357 2767 1446 2811 truttam
1462 2755 1653 2824 inmensorum,
1667 2770 1715 2824 pro
1730 2756 1804 2811 rerb.
1822 2755 1896 2815 bnal.

1099 2825 1215 2893 Osann,
1229 2828 1298 2882 addc
1307 2824 1439 2882 :-Conl.
1453 2826 1611 2897 corrigend.
1626 2837 1652 2879 et
1664 2825 1786 2880 baldend.
1798 2829 1896 2897 plib,

1100 2898 1158 2952 init.
1174 2898 1207 2952 tt
1221 2900 1332 2953 omnino
1346 2897 1483 2967 probanda
1494 2896 1545 2953 Tb.
1560 2897 1669 2952 llarcilii
1685 2898 1841 2967 explicatio.
1853 2900 1899 2958 Sic

1099 2970 1171 3023 enim
1184 2969 1296 3038 Apicius
1319 2970 1366 3024 lib.
1381 2983 1446 3036 ιιιιι,
1461 2983 1521 3038 cop.
1547 2967 1588 3023 8:
1611 2968 1755 3036 iuspensom
1777 2971 1803 3023 in
1824 2972 1897 3040 lepo-

1098 3054 1162 3100 rem.
1181 3041 1224 3095 nbi
1241 3041 1400 3110 partesejus
1412 3050 1561 3104 enumerat,
1575 3038 1648 3110 piper
1661 3039 1738 3103 scil„
1756 3040 1898 3113 dactylum,

1099 3112 1177 3179 laser,
1196 3111 1335 3180 liquamen,
1348 3120 1401 3167 etc.
1417 3111 1466 3167 llic
1480 3112 1569 3183 itaque
1581 3110 1616 3165 dc
1635 3109 1776 3165 corrditnra
1789 3127 1897 3180 sermo,

1100 3197 1162 3236 nam
1189 3183 1317 3253 deinceps
1343 3182 1418 3238 addit
1438 3183 1465 3237 in
1487 3184 1599 3252 leporem
1619 3183 1718 3251 sarsum
1735 3191 1762 3236 et
1789 3184 1899 3242 modurn

1099 3252 1158 3323 ejus
1177 3254 1338 3310 conticiendi
1352 3253 1432 3310 docet
1448 3271 1455 3308 ε
1469 3262 1497 3308 et
1508 3253 1579 3321 apud
1599 3251 1749 3308 Arrrobium
1767 3255 1848 3309 etiam
1863 3258 1899 3314 de

1099 3324 1238 3381 conditura
1246 3325 1511 3397 accipiendum,cum
1523 3322 1603 3380 modo
1610 3324 1770 3449 praecelledit
1778 3327 1897 3396 [arabas.

1748 3411 1825 3453 arat.

1134 3463 1193 3521 Col.
1210 3467 1291 3531 tiss,
1304 3466 1337 3521 ad
1353 3475 1443 3523 notam
1459 3463 1631 3527 Fresilia...
1654 3480 1703 3536 pro
1729 3482 1754 3520 ι.
1775 3468 1896 3536 Osset„

1098 3535 1897 3610 addet-Caeterumfrustillumprofrustulumdeminutivmn

1098 3610 1234 3680 peculiare
1248 3608 1368 3664 brutnbio
1386 3618 1488 3663 nostro.
1501 3609 1546 3664 Sic
1558 3624 1637 3675 supra
1648 3608 1667 3661 1.
1685 3622 1713 3674 ιι,
1725 3622 1750 3663 c.
1763 3612 1813 3675 58,
1827 3611 1899 3668 dixit

1097 3679 1211 3806 {pastilla
1221 3680 1367 3751 ltoeaipneu.
1381 3679 1484 3735 Osset.
1494 3709 1532 3722 -
1542 3679 1566 3733 F
1567 3679 1714 3734 rustillutint
1721 3679 1836 3750 tegimus
1850 3698 1898 3754 ap.

1122 3751 1188 3805 laud.
1203 3750 1312 3807 Cureul.
1324 3761 1377 3805 act.
1395 3766 1431 3819 rr,
1443 3766 1517 3806 scerr.
1531 3766 1557 3806 tv
1573 3769 1581 3806 ε

1130 3861 1184 3914 iam
1197 3876 1247 3927 ego
1256 3870 1282 3915 te
1294 3862 1380 3914 iaciant
1389 3871 1417 3914 ut
1427 3863 1467 3914 bic
1477 3863 1584 3915 terniue
1595 3863 1745 3916 frustillatim
1756 3865 1880 3918 dilierant.

1608 3948 1716 4010 Nouus,
1727 3963 1785 4018 pap.
1793 3952 1849 4003 551.

1133 4049 1213 4116 ibid,
1229 4060 1391 4122 postumam
1405 4053 1533 4110 Sedet...
1549 4054 1637 4110 insere
1650 4066 1809 4125 sequentem
1825 4074 1831 4111 :

1134 4121 1255 4195 Appetitu
1267 4126 1425 4181 voracitatis.
1445 4124 1577 4180 i'aracdus
1591 4140 1641 4196 pro
1653 4126 1773 4182 edacitas
1784 4142 1835 4183 uox
1850 4143 1895 4190 ar,-

1098 4206 1202 4263 ssentear
1217 4193 1364 4250 latinitatis.
1378 4196 1533 4264 Eutropius,
1551 4196 1596 4252 lib.
1609 4212 1657 4258 rra,
1669 4212 1728 4266 cap.
1745 4199 1788 4263 lli,
1801 4200 1835 4253 de
1848 4198 1896 4255 Vi·

1098 4264 1174 4320 tellio
1192 4282 1199 4317 :
1212 4263 1262 4320 Hic
1274 4282 1331 4321 cunr
1344 4268 1424 4322 resulto
1444 4269 1568 4322 dedecore
1579 4268 1714 4338 imperauit
1725 4279 1748 4322 et
1761 4271 1832 4338 pruni
1844 4288 1896 4326 sae-

1097 4336 1169 4401 uitia,
1196 4337 1316 4392 notabilis
1337 4341 1467 4409 precipue
1489 4340 1600 4408 irrplunle
1623 4348 1647 4394 et
1671 4341 1817 4394 voracitate.
1844 4341 1895 4398 Ubi

1098 4404 1200 4462 Grosse
1216 4410 1243 4462 in
1258 4408 1347 4464 lodice
1366 4410 1431 4464 citat
1446 4410 1551 4479 apulei.
1576 4409 1638 4463 liet.
1654 4427 1702 4472 rut,
1718 4426 1799 4484 prope
1813 4410 1894 4468 liutem

1098 4476 1204 4532 etPlin.
1222 4478 1377 4545 11111111,
1393 4495 1422 4542 rt,
1439 4481 1502 4549 llll,
1517 4481 1575 4535 init.
1592 4480 1719 4537 hacuoce
1731 4482 1894 4538 transetum

1057 4556 1086 4618 1)
1098 4549 1225 4621 exempla
1240 4549 1328 4606 adlert
1340 4549 1471 4606 cellarius
1488 4554 1513 4607 in
1522 4551 1589 4607 Cur.
1601 4564 1704 4621 poster.
1719 4554 1754 4608 ad
1766 4554 1894 4609 Atttibar·

1098 4619 1157 4675 bar.
1172 4619 1236 4690 ling.
1253 4619 1313 4691 lat,
1327 4639 1353 4690 p.
1368 4622 1432 4678 tsu.
1446 4621 1550 4678 Onetu.

1133 4690 1191 4745 Col.
1208 4691 1288 4757 1255,
1304 4701 1366 4749 ante
1381 4704 1436 4748 nat.
1453 4693 1581 4750 boeurn...
1599 4693 1687 4750 insere
1696 4695 1815 4750 notulam
1831 4712 1840 4749 a

1134 4760 1338 4832 Tempestatibus
1354 4765 1442 4830 tauns,
1454 4766 1472 4819 i.
1488 4782 1513 4820 e.
1527 4776 1578 4818 tam
1592 4767 1686 4835 loupis.
1700 4764 1805 4821 011011.

1133 4831 1186 4898 ΙΙ).,
1201 4836 1426 4902 posteaquam.
1441 4836 1570 4891 Lacuna...
1583 4837 1652 4892 addc
1664 4853 1771 4906 quoquc
1786 4837 1894 4894 nolul.:

1097 4909 1114 4937 r.
1134 4902 1253 4959 Novitas.
1275 4905 1307 4960 Η.
1324 4906 1341 4962 Ι.
1358 4920 1406 4974 pru
1425 4909 1564 4977 posterior,
1584 4910 1706 4962 reserarier
1723 4918 1798 4977 oetas,
1813 4923 1895 4965 sensu

1096 4975 1316 5031 rnsolentissimo.
1331 4976 1433 5034 Onenu.

1132 5043 1194 5101 Col.
1210 5047 1291 5114 lesu,
1306 5060 1368 5119 post
1382 5059 1438 5104 not.
1452 5048 1626 5120 suffitionibus
1638 5049 1728 5106 insere
1745 5058 1871 5122 sequent.
1885 5070 1893 5107 ε

1132 5114 1332 5186 spiraminibus.
1345 5117 1378 5174 11.
1388 5135 1415 5175 e.
1424 5122 1543 5190 spirandi
1558 5121 1738 5179 facultatibus.
1751 5121 1796 5179 Sic
1809 5123 1896 5179 Luca·

1095 5203 1147 5244 nus
1161 5187 1255 5245 euers.
1272 5189 1320 5246 lib.
1335 5206 1364 5255 ιι,
1380 5206 1453 5248 vers.
1467 5193 1519 5249 181)
1534 5210 1542 5245 :

1157 5298 1204 5351 iiic
1211 5312 1294 5362 aures,
1306 5300 1368 5352 alius
1377 5302 1508 5364 spiramina
1519 5305 1588 5356 naris
1595 5302 1697 5356 aduncae

1156 5364 1281 5424 amputat.

1094 5477 1122 5525 et
1133 5467 1233 5526 Statius
1244 5468 1329 5527 Theb.
1345 5486 1393 5538 ιιι,
1405 5485 1467 5528 vers
1481 5471 1545 5530 169.
1562 5491 1569 5527 :

1466 5563 1555 5615 liellcit
1566 5566 1698 5627 spiramina
1708 5565 1769 5618 lessi

1156 5623 1223 5688 lenis
1235 5630 1261 5674 et
1274 5624 1411 5676 horrendos
1421 5626 1534 5689 irrumpit
1546 5628 1644 5678 turbida
1659 5642 1767 5694 campos

1591 5689 1697 5752 11011111,
1710 5704 1767 5759 pap.
1776 5692 1831 5744 ses.

1128 5789 1187 5849 Col.
1202 5789 1283 5862 test,
1298 5792 1332 5852 11
1347 5799 1438 5855 notarn
1451 5792 1513 5852 Nan
1532 5796 1589 5853 si...
1605 5811 1655 5868 pro
1668 5812 1693 5857 r.
1711 5798 1758 5857 lun.
1774 5799 1889 5864 01111..
