4150 6250
148 364 200 422 003
1740 371 1795 430 iet

143 492 172 537 et
184 480 347 539 imbecillius
360 481 485 552 (Arnai,
504 481 550 537 lii.
565 498 595 550 ιι,
612 497 671 556 paq.
694 481 730 540 05
742 493 770 540 ct
784 480 848 557 at).
863 482 942 554 Quod
955 484 982 545 Α
993 485 1147 545 christianae
1153 487 1290 568 religionis
1297 490 1443 547 novitatem
1449 487 1796 564 possejurealiquoerpro·

143 578 217 634 enirn
225 583 309 649 agunt
316 574 466 643 christiani,
479 574 502 632 si
514 591 612 631 nouum
623 587 674 642 est,
687 587 765 634 uetus
775 576 838 644 flet;
850 593 944 650 quem·
993 578 1078 637 brari.

141 668 308 737 admodum,
332 668 405 741 quod
434 677 513 726 vetus
537 676 580 725 est
601 668 733 739 ethnicis,
756 686 855 727 nouum
876 671 942 728 alim
1030 673 1100 744 Quid
1120 691 1204 747 vero,
1227 681 1299 750 quod
1321 680 1437 735 maxima
1458 678 1627 736 ethnicorum
1650 679 1796 754 mysteria,

140 765 241 821 iuerat.
257 762 328 833 Quid
350 777 435 830 uero,
454 761 526 835 quod
540 763 634 834 religio
651 777 705 819 non
727 773 866 835 tempore,
889 780 943 837 quo
996 768 1083 839 pergit
1100 769 1237 825 arnobius
1251 770 1262 844 (
1272 770 1382 839 Araiai„
1397 771 1442 826 lib.
1459 786 1489 836 rr,
1501 789 1564 844 pap.
1579 770 1646 845 95),
1669 773 1696 827 iu
1711 773 1796 828 Sera-

138 857 238 927 coepit,
251 855 300 912 sed
315 855 370 910 heu
383 855 453 926 ipso,
467 869 547 927 quem
563 864 716 925 ueneratur,
732 856 889 913 aestimanda
901 868 944 914 est
995 859 1077 931 pidis,
1093 860 1181 930 lsidis,
1197 862 1290 919 llatris
1304 864 1396 931 deum,
1417 863 1589 936 aliorumque
1606 864 1738 920 honorem
1751 879 1798 921 ce·

142 947 246 1021 (lata,
262 965 325 1021 paq.
340 946 416 1020 etl?
996 951 1096 1008 lebrari
1112 952 1209 1024 solita,
1231 954 1267 1011 de
1288 955 1387 1028 quibus
1410 971 1459 1012 nos
1478 957 1542 1013 alibi
1563 958 1668 1028 egimus
1690 958 1771 1029 (tant.
1787 974 1799 1013 ι

770 358 1107 440 mansuetumque.
1128 364 1172 422 ut.
1194 439 1196 444 .

181 1042 240 1100 Non
257 1041 384 1099 audiendi
399 1041 480 1115 igitur
494 1043 611 1117 amplius
623 1042 724 1100 ethnici
738 1059 847 1101 rursum
866 1044 941 1100 uoci·
995 1048 1136 1116 apparat,
1145 1064 1205 1120 pap.
1219 1046 1271 1104 758
1283 1058 1309 1104 et
1319 1064 1385 1121 sep,
1396 1047 1503 1106 Dissert.
1515 1051 1544 1104 in
1554 1048 1669 1116 iliona,
1678 1065 1736 1119 rap.
1750 1050 1799 1116 l'l,

143 1134 265 1191 ierarues
279 1144 344 1191 ante
367 1133 420 1190 000
444 1149 533 1192 annos
547 1135 648 1192 nullutn
671 1135 754 1193 luisse
768 1137 942 1193 christianam
996 1152 1047 1196 art.
1058 1143 1083 1210 l,
1094 1151 1119 1197 et
1132 1160 1190 1217 rap.
1201 1142 1248 1210 00,
1260 1144 1334 1197 arti
1350 1143 1423 1215 00),
1433 1142 1540 1199 etinira
1551 1143 1639 1199 adhuc
1649 1141 1797 1216 agendum,

143 1228 354 1301 professionem.
371 1228 430 1286 lam
442 1230 513 1286 eninr
527 1229 637 1286 illudex
649 1230 944 1289 dictisiundituscver·
996 1249 1089 1290 eorum
1109 1234 1161 1291 diis
1184 1235 1263 1308 longe
1277 1237 1429 1293 recentaria
1449 1245 1523 1292 suut.
1546 1235 1587 1291 hb
1609 1234 1707 1292 iisdem
1729 1249 1798 1305 crgo

143 1336 206 1378 sum
216 1336 279 1378 csse
291 1323 350 1393 quis
365 1336 418 1378 nort
428 1322 542 1379 rideat?
552 1323 733 1402 Quamobrem
746 1334 840 1383 auctor
851 1335 944 1384 noster
996 1326 1121 1397 ethnicis,
1134 1327 1157 1383 si
1171 1327 1226 1383 suis
1239 1328 1377 1399 principiis
1388 1338 1462 1385 stare
1474 1328 1633 1395 voluissent,
1656 1341 1796 1397 uunquam

143 1430 180 1471 ex
195 1413 342 1471 abundanti
357 1423 463 1470 tantum
479 1415 626 1488 respondet
637 1426 701 1472 ante
715 1416 799 1472 nuillio
817 1434 944 1473 aramum
994 1418 1111 1489 admitti,
1126 1429 1155 1477 et
1167 1434 1274 1492 semper
1287 1422 1365 1492 rejici
1378 1419 1524 1477 debebant.

143 1509 211 1575 aaa,
223 1508 261 1564 uti
272 1506 384 1579 probatu
395 1505 542 1564 lacilirnum
553 1517 621 1578 erat,
637 1505 725 1567 nultos
735 1524 847 1582 prorsus
861 1511 945 1568 luisse
1030 1514 1066 1569 ht
1077 1513 1173 1570 saltem
1184 1529 1218 1569 er
1232 1515 1382 1583 concessis,
1399 1515 1559 1587 inquiebant
1572 1514 1700 1586 gentiles,
1716 1529 1797 1585 aper·

144 1598 304 1657 carumdem
328 1599 468 1673 gentilium
488 1600 689 1672 Romanorum,
711 1618 760 1660 scu
785 1603 942 1661 Latirmrum
994 1607 1097 1664 tissime
1111 1608 1245 1680 colligitur
1253 1608 1366 1665 deorum
1377 1618 1533 1666 nostrorum
1553 1609 1712 1679 religionem
1722 1608 1797 1665 chri-

144 1696 223 1751 deos.
993 1703 1080 1759 stiana
1090 1717 1151 1758 esse
1162 1701 1241 1774 louge
1250 1701 1641 1774 antiquiorem‚atqueidcireo
1650 1701 1796 1758 rariorem.

181 1790 317 1846 Saturnus
330 1790 404 1846 enirn
425 1788 494 1848 lei
506 1801 534 1848 et
548 1790 656 1847 Hecatae
678 1790 764 1860 iilius,
779 1790 892 1859 lovem,
911 1807 944 1849 ac
959 1794 1081 1881 BNcgat
1096 1796 1185 1866 primo
1197 1795 1419 1867 consequentiam
1433 1795 1579 1853 druobius.
1596 1794 1703 1852 Suidcit
1721 1797 1797 1854 euim

143 1884 250 1951 Picum,
259 1882 479 1948 PicusFaunum,
489 1883 599 1942 Faunus
608 1884 734 1943 Latinum
743 1887 943 1961 ganohidai).
996 1900 1139 1960 utramque
1149 1887 1294 1960 aliquando
1304 1891 1431 1959 cmpisse,
1445 1899 1475 1944 ut
1488 1904 1536 1960 par
1549 1889 1585 1944 sit
1599 1890 1740 1960 utrobique
1750 1905 1798 1945 ra·

142 1977 232 2047 Quam
245 1987 337 2035 autom
351 1978 379 2034 id
392 1993 487 2035 terum
501 1978 537 2035 sit
547 1995 580 2036 ex
592 1980 674 2035 uariis
685 1979 873 2050 scriptoribus,
888 1981 945 2039 his·
996 1979 1045 2036 tio.
1056 1978 1125 2049 Quid
1135 1980 1208 2036 enim
1219 1980 1273 2036 duo
1288 1995 1422 2036 annorum
1433 1981 1528 2049 millia,
1543 1995 1604 2037 cunr
1616 1981 1723 2037 caeteris
1734 1995 1797 2036 am-

143 2086 196 2143 que
211 2070 383 2144 potissimum
398 2071 501 2144 Virgilii
514 2071 677 2129 carminibus
690 2072 824 2144 colligitur
840 2092 847 2128 ε
995 2072 1075 2129 uibus
1087 2082 1167 2129 antea
1182 2073 1282 2144 clapsis
1292 2083 1461 2146 comparata,
1473 2088 1522 2144 pro
1532 2072 1646 2145 alicujus
1658 2073 1797 2147 religionis

455 2208 510 2261 ilex
522 2209 703 2270 ,0121qu
715 2212 830 2261 sturnos
996 2165 1214 2223 veritateiacere
1229 2168 1366 2239 possunt?

193 2274 249 2324 lam
260 2275 344 2325 senior
356 2271 396 2323 lon
415 2289 429 2322 a
441 2273 547 2336 placidas
556 2274 579 2323 in
593 2287 653 2338 pace
665 2274 780 2337 regebat.

189 2335 263 2387 lluuc
274 2334 358 2386 Fauno
370 2344 396 2385 et
428 2334 514 2400 ympha
525 2338 638 2399 genitum
649 2335 773 2387 Laurente
785 2335 876 2386 llarira

188 2402 250 2451 Acci
268 2400 339 2459 'murt
352 2397 437 2451 Fauno
449 2398 522 2449 Picus
533 2408 612 2462 patet.
623 2400 696 2462 isque
707 2407 835 2460 parantem

190 2463 239 2524 Te,
250 2413 368 2525 glarca,
376 2460 471 2513 raiert:
483 2469 510 2512 tu
521 2463 648 2525 sauguinis
660 2461 760 2512 ultimus
770 2467 865 2512 auctor.

346 2566 460 2636 (liegii,
471 2562 515 2619 lib.
523 2581 564 2629 ru,
575 2564 684 2629 AErtaiti,
697 2578 761 2618 ocra.
773 2564 805 2617 05
814 2570 838 2617 ct
847 2565 910 2633 req.)

1033 2258 1135 2315 Deinde
1148 2274 1215 2315 uero
1228 2259 1273 2315 ille
1287 2259 1376 2316 adhuc
1392 2271 1521 2333 pernegat
1538 2277 1555 2317 a
1569 2260 1727 2319 christianis
1741 2262 1796 2318 coli

995 2352 1097 2425 aliquid
1128 2367 1228 2409 norum
1252 2363 1280 2409 et
1304 2353 1475 2410 ethnicorum
1498 2354 1630 2426 religione
1659 2356 1796 2413 recentius

995 2445 1128 2514 (Arnai,
1146 2445 1191 2502 lta.
1216 2463 1255 2515 tt,
1276 2465 1336 2520 paq.
1356 2447 1421 2521 95).
1445 2447 1530 2505 Deum
1548 2449 1687 2505 enimvero
1700 2448 1797 2505 colunt

995 2539 1221 2611 omnipotentem,
1233 2556 1287 2596 non
1298 2541 1614 2613 modoantiquissimum,
1627 2540 1675 2598 sed
1688 2541 1795 2614 ingeni·

997 2632 1156 2696 tumetium,
1172 2642 1200 2688 ct
1209 2645 1352 2699 arternum,
1368 2647 1401 2689 ac
1413 2649 1503 2689 rerunt
1516 2634 1636 2690 omnium
1650 2633 1751 2689 iontem
1765 2644 1795 2691 et

148 2700 232 2773 010ΰί
240 2698 283 2756 ¹²³⁸
298 2698 385 2755 “ihm
396 2696 462 2753 '3¹5⁸
475 2696 551 2764 ΡΜ
570 2693 665 2751 ΜΝ)
678 2702 706 2751 0‘
718 2693 825 2761 ΨΜ
842 2692 882 2748 ¹¹³³
896 2708 943 2749 π’
994 2722 1136 2795 originem.
1148 2721 1220 2779 Nihil
1234 2739 1299 2796 ergo
1312 2739 1411 2781 nouum
1422 2725 1561 2781 christiani
1571 2725 1597 2781 in
1608 2723 1737 2782 mundum
1750 2725 1795 2782 in·

143 2799 204 2872 guit
225 2797 373 2866 Arnobius,
401 2811 455 2853 non
478 2796 598 2868 longius,
621 2809 701 2867 quatu
717 2793 771 2850 500
794 2807 942 2862 annorum,

141 2893 262 2966 spatium
277 2891 409 2964 temporis
421 2901 449 2948 ct
460 2890 524 2946 vitre
540 2889 652 2946 concedi
667 2897 765 2959 potest.
785 2886 880 2944 Nullus
892 2902 942 2942 au·

143 2999 199 3043 tem
216 2985 356 3043 dubitandi
372 2984 446 3041 lorus
465 2993 527 3049 est,
544 2984 608 3054 quin
627 2982 672 3038 ille
691 2981 774 3045 ultra,
798 2995 878 3050 quara
895 2995 943 3036 ne-

995 2817 1185 2882 traduxerunt,
1201 2816 1249 2873 sed
1265 2817 1337 2890 quod
1349 2833 1411 2875 sero
1424 2817 1577 2875 didicerant
1590 2815 1734 2884 aCltristo,
1746 2820 1795 2891 qui

994 2912 1121 2968 miseram
1137 2911 1276 2967 hominum
1290 2911 1374 2968 lalsos
1388 2912 1455 2968 dcos
1466 2911 1630 2980 colentium,
1645 2925 1796 2984 rerumque

996 3005 1082 3062 licum
1097 3006 1279 3076 ignorantium
1293 3006 1443 3062 casitatem
1458 3007 1595 3062 discussit.

142 3088 313 3146 0053030000·
336 3093 371 3136 ¹¹0
386 3076 450 3150 (luid
471 3076 572 3134 0000000
594 3075 699 3132 'imre
722 3072 943 3179 3000000001)οξ
1029 3098 1111 3156 Plura
1134 3098 1243 3171 qutdcm
1262 3098 1400 3157 hrnobius
1420 3099 1455 3156 de
1473 3098 1545 3155 alliis
1567 3096 1721 3156 christianae
1744 3115 1792 3156 re·

143 3174 276 3246 0000000003
298 3172 468 3228 “stimuum
498 3169 665 3240 if⁰d¹¹¹⁰'3¹·
696 3166 763 3224 Nam
784 3167 811 3224 ⁵¹¹
833 3166 942 3222 Eusebn
996 3193 1385 3265 ligionisdognmtibusibinon
1394 3194 1515 3266 protulit,
1524 3192 1794 3265 tumquiauddcpel·

142 3269 276 3325 ⁰¹²¹⁰¹ff⁰⁰
289 3268 375 3323 ¹¹¹⁰¹¹⁰
387 3266 473 3338 ¹¹¹³ssss
483 3265 525 3322 ¹¹³⁸
539 3264 629 3322 000005
642 3265 813 3320 000100000οἮ
822 3260 942 3337 (Eme
995 3289 1103 3346 leudam
1118 3305 1195 3346 noum
1209 3290 1349 3361 religionis
1362 3290 1587 3346 obtrectationem
1600 3303 1661 3360 quae
1676 3286 1792 3356 dixerat,

142 3361 253 3430 chrum,
269 3358 314 3415 til.
329 3375 338 3415 ι
360 3369 384 3414 et
399 3359 443 3414 lli.
457 3374 495 3427 tr,
512 3358 547 3413 ud
561 3374 623 3413 ano.
639 3356 734 3431 838):
751 3373 761 3409 r
779 3355 885 3412 Primus
895 3371 944 3412 rex
996 3384 1076 3458 plane
1098 3383 1289 3441 sufficiebant:
1312 3393 1369 3439 tum
1389 3383 1453 3454 quia
1467 3382 1546 3455 paulo
1559 3392 1622 3439 anta
1638 3396 1795 3453 supremam

141 3460 302 3517 0000000000
321 3467 382 3530 0000
405 3464 511 3527 0000000
530 3454 640 3526 ’0000000
658 3451 769 3509 AEssffl·
793 3452 863 3507 *me
882 3467 944 3509 ⁰⁰¹⁰
996 3477 1097 3539 siluisti
1111 3476 1289 3545 diuinitatem,
1305 3477 1412 3549 aliaque
1429 3476 1552 3548 ejusdem
1573 3475 1728 3532 christianae
1750 3490 1794 3531 rc·

141 3554 247 3620 ianus,
269 3553 418 3620 Saturnus,
441 3550 535 3618 Picus,
549 3550 659 3606 Faunus
671 3555 853 3619 regnaret-unt
866 3546 946 3603 annis
996 3570 1104 3643 5350„ss
1117 3570 1215 3643 placit,
1233 3570 1299 3628 ,1qu
1311 3570 1493 3637 demonsmq,
1508 3569 1579 3627 sicui
1597 3578 1690 3641 βοείῃ
1703 3576 1795 3626 open,

142 3652 254 3708 circiter
269 3650 336 3718 050;
355 3670 365 3704 r
382 3651 509 3707 nimirum
529 3650 607 3705 aunis
621 3658 650 3703 ut
665 3648 754 3704 minus
767 3646 878 3704 totidem
890 3647 944 3705 050
994 3666 1100 3725 demus·

144 3759 229 3815 quarn
251 3742 387 3800 drnobius
409 3740 555 3814 gentilibus
574 3741 658 3813 gratis
679 3740 825 3797 concessit.
848 3741 887 3797 be
901 3739 944 3795 his
970 3728 977 3739 '

147 3835 245 3906 penis
265 3835 419 3891 nutritorum
442 3833 552 3905 regrum
573 3831 674 3889 eruesti
694 3832 852 3903 promarum
870 3831 944 3887 han·
1303 3805 1419 3864 CAPUT
1438 3806 1483 3865 tt.

145 3945 338 3997 carnasscum,
361 3931 505 3985 ductorem
519 3926 621 3999 Origin.
643 3935 718 3997 gent.
732 3939 814 3992 rom,
829 3924 945 3980 Lactan-
997 3925 1076 3981 Aliud
1089 3926 1223 3999 gentilium
1235 3925 1356 3981 adrasus
1369 3926 1536 3981 cimeliorum
1554 3925 1702 3997 religionem
1715 3940 1794 3996 arpa·

145 4025 229 4089 tium,
247 4022 440 4094 hugustirtum,
454 4029 483 4075 ct
495 4019 562 4075 alios
576 4017 716 4091 (Dionys,
733 4017 778 4072 tit.
793 4033 802 4072 r
815 4017 941 4087 deliquit.
1032 4031 1153 4089 meatum,
1165 4020 1311 4091 capablicis
1320 4019 1507 4075 calamitatibus
1516 4016 1757 4091 petiturqsoluilur.

142 4135 229 4181 rous..
244 4133 305 4189 paq.
319 4115 356 4171 00
367 4114 454 4178 alah
476 4112 552 4166 duct.
570 4110 661 4184 Oria,
683 4126 745 4180 paq.
759 4107 830 4175 59ος
848 4106 943 4177 Lara,

143 4212 189 4266 lib.
208 4226 228 4277 r,
243 4226 302 4281 rap.
316 4207 363 4275 00,
374 4225 435 4280 paq.
450 4204 520 4273 00ος
533 4205 652 4277 August,
668 4203 712 4257 ltl.
726 4216 791 4257 xvttr
812 4202 844 4257 tle
854 4198 940 4267 chit,

142 4321 205 4375 rap.
223 4303 268 4370 05,
283 4318 343 4375 paq.
359 4300 411 4358 090
425 4301 446 4373 i.

1260 4173 1405 4215 nnatcnttts
1423 4172 1531 4215 ematis.

996 4295 1154 4349 lithuioorum
1174 4294 1293 4347 adversus
1310 4294 1451 4346 christiana
1468 4292 1517 4345 reli
1537 4294 1601 4344 'ouis
1611 4294 1743 4359 veritatem
1754 4306 1796 4344 ar-

1027 4371 1185 4423 gumentum,
1197 4372 1229 4410 cx
1243 4359 1318 4409 tarhs
1328 4357 1439 4407 cladibus
1454 4364 1481 4407 et
1496 4370 1524 4407 ca
1535 4357 1693 4418 amicalibus,
1705 4357 1798 4419 quihus

180 4417 259 4474 hiber
268 4427 368 4485 autent,
381 4417 469 4489 pergit
480 4415 625 4484 hrrtobius,
637 4413 767 4471 hscanius
777 4413 876 4485 aliique
886 4412 944 4485 ejus
957 4458 985 4521 D
1006 4432 1010 4487 '.
1028 4435 1110 4485 genus
1120 4423 1252 4472 humanum
1263 4419 1321 4471 olim
1330 4420 1503 4478 divexabatur,
1515 4420 1629 4483 petitum,
1642 4420 1797 4486 proponitur,

1027 4485 1166 4535 ostenditur
1183 4498 1216 4535 ue
1228 4497 1242 4533 0
1253 4484 1344 4548 quihus
1354 4482 1513 4548 scriptoribus
1523 4481 1582 4533 olim
1593 4482 1696 4534 dilutum
1713 4479 1798 4533 coniu-

143 4524 322 4566 successorcs
335 4511 413 4565 annis
431 4523 515 4580 prope
533 4506 587 4563 000
606 4514 789 4579 regnaverunt
809 4502 944 4579 (drach,
1028 4555 1156 4611 mumque
1192 4547 1249 4599 em,

143 4604 190 4657 lib.
208 4618 244 4670 rt,
260 4617 322 4673 pap.
339 4600 390 4669 0ος
409 4611 469 4655 tant.
487 4614 495 4655 t
511 4600 649 4670 Apposui,
665 4598 692 4653 iu
705 4597 778 4670 pm).
790 4596 819 4652 ln
833 4595 943 4653 Ettsebii

143 4707 236 4752 0000
254 4694 386 4751 chronico
406 4695 470 4749 0ιηί
493 4692 564 4759 050,
587 4703 648 4748 era
668 4688 807 4747 Clemente
826 4690 944 4746 Alexan·
1032 4699 1114 4756 nttud
1132 4708 1225 4756 contra
1239 4698 1395 4756 ctrrisuanae
1417 4699 1557 4771 religionis
1574 4696 1719 4755 certarem
1748 4710 1795 4752 ar·

144 4788 226 4845 0000
240 4786 310 4854 ⁸22.
324 4792 524 4856 ⁰⁰¹¹¹l¹¹¹³¹¹²¹¹i·
541 4783 664 4855 900ῑο00
683 4781 798 4837 000000
818 4779 941 4851 widila»
996 4794 1356 4867 gumerttum,saepissimeet
1364 4793 1398 4848 ad
1406 4807 1532 4849 nauseam
1542 4806 1626 4862 usque
1636 4790 1672 4846 ab
1681 4788 1796 4846 ethnicis

145 4886 179 4941 ad
195 4901 273 4941 suurn
288 4900 373 4955 usque
393 4891 500 4939 atatem
519 4882 624 4936 ductor
638 4890 730 4938 noster
748 4892 833 4935 annos
846 4890 944 4948 prope·
996 4895 1176 4951 recantatum,
1200 4884 1313 4955 insignis
1325 4894 1353 4939 et
1367 4881 1559 4939 absurdissima
1580 4880 1631 4937 iuit
1647 4879 1794 4947 calumnia,

146 4978 257 5035 modium
272 4976 354 5034 0050.
370 4974 517 5031 Eusebiaui
536 4987 602 5029 tero
621 4971 742 5029 chronici
760 4977 855 5025 auctor
872 4967 943 5024 0006
995 4994 1048 5051 qua
1073 4977 1253 5045 citramarini,
1278 4974 1358 5031 sicuti
1383 4973 1478 5031 scribit
1500 4973 1637 5030 arnobius
1659 4970 1795 5046 (Arnon,

145 5074 257 5129 duruisse
271 5070 425 5142 perhibent.
440 5070 477 5127 De
493 5068 535 5125 his
547 5067 627 5124 etiam
642 5065 767 5123 omnibus
780 5063 881 5135 aliquid
892 5078 943 5119 no·
996 5071 1042 5129 lit,
1058 5088 1085 5136 1,
1099 5087 1160 5142 paq.
1176 5071 1190 5125 i
1205 5079 1229 5124 rt
1241 5084 1311 5140 seqq.
1323 5067 1346 5136 ),
1370 5066 1405 5123 ob
1418 5065 1549 5136 reiectum
1569 5064 1796 5135 repudiatumque

147 5167 263 5221 lavimus
287 5161 479 5220 inclementis
496 5158 670 5218 Alexandrini
683 5157 869 5229 chronologia·
890 5154 944 5213 Sed
996 5164 1108 5221 deorum
1127 5162 1240 5228 cultum,
1255 5159 1376 5218 omnium
1391 5158 1559 5230 publicarum
1572 5156 1689 5214 gladium
1703 5166 1732 5213 gg
1744 5171 1794 5212 ga.
1850 5192 1853 5197 .

144 5260 205 5316 hoec
220 5261 330 5316 uberius
341 5257 478 5329 prosequi,
493 5272 525 5312 ac
537 5256 630 5327 piures
642 5254 710 5311 alios
722 5250 943 5324 chronographos
996 5256 1156 5324 limitatum,
1177 5255 1275 5327 quibus
1287 5268 1373 5326 genus
1385 5253 1532 5309 humanum
1548 5249 1708 5318 vexabatur,
1729 5265 1794 5307 cau·

144 5350 515 5422 nominibussuisappeliare
529 5346 718 5402 nihilnecesse
732 5354 783 5401 cst.
799 5343 942 5400 Noucuim
995 5366 1054 5407 sam
1077 5364 1139 5406 esse
1155 5359 1207 5404 tam
1231 5346 1316 5415 lalso,
1339 5362 1420 5419 quam
1444 5345 1573 5403 audacter
1597 5343 1796 5416 predicabant.

146 5446 274 5501 omnihus
296 5443 414 5500 numetis
435 5440 588 5497 absolutam
601 5453 733 5495 annorum
746 5437 943 5508 computando·
996 5441 1135 5501 Summam
1155 5442 1293 5497 enimuero
1307 5449 1419 5513 propter
1439 5440 1648 5496 christianorum
1669 5437 1795 5510 impieta-

146 5556 206 5597 rom
216 5539 350 5596 rationem
362 5533 638 5608 sequiturltrnobius,
649 5533 698 5590 scd
709 5533 838 5601 ipsosmet
848 5548 943 5605 recep-
996 5534 1110 5603 tcm,uti
1120 5533 1159 5589 ilii
1169 5532 1340 5605 jactitabant,
1350 5531 1385 5588 ab
1397 5531 1450 5588 diis
1459 5531 1557 5588 merito
1571 5530 1646 5587 iratis
1660 5529 1796 5602 abiectam

145 5644 190 5687 tus
200 5632 234 5689 ab
244 5631 361 5688 ethnicis
372 5630 507 5685 annalium
518 5628 665 5700 scriptores
674 5626 772 5684 citasse
787 5636 940 5694 contentus,
996 5643 1088 5684 rerum
1103 5637 1270 5685 terrenarum
1280 5641 1383 5695 curam,
1396 5634 1423 5682 ct
1434 5624 1504 5680 mala
1514 5625 1615 5689 omniu,
1626 5623 1724 5695 quihus
1734 5620 1795 5677 uhi·

142 5725 199 5781 iilis
212 5727 291 5797 plura
307 5726 387 5782 etiam
403 5724 525 5795 largitur,
541 5737 623 5795 quam
633 5720 789 5778 desiderare
804 5731 942 5797 poterant.
995 5735 1048 5791 que
1063 5720 1187 5777 homines
1201 5720 1324 5776 solebant
1336 5715 1432 5774 conici
1445 5725 1474 5772 et
1487 5715 1595 5787 oprimi,
1608 5716 1634 5772 in
1651 5724 1737 5771 totum
1751 5710 1794 5769 ia·

145 5817 357 5875 Euidentissimo
371 5816 454 5888 igitur
465 5830 498 5871 cs
514 5814 555 5870 his
573 5815 740 5871 demonstrat
753 5813 863 5870 illorum
877 5813 944 5870 deos
995 5822 1073 5871 tecta
1086 5812 1170 5870 luisse
1183 5821 1315 5869 terrarum
1331 5810 1435 5867 orbem.

145 5926 200 5967 nno
217 5923 280 5966 ante
300 5894 431 5965 annorum
455 5909 508 5964 tirio
524 5908 607 5964 millia
621 5907 757 5979 extitisse,
773 5923 823 5965 nec
837 5907 871 5966 ab
890 5907 944 5968 illis
1030 5906 1115 5973 Quum
1130 5912 1220 5960 aretem
1236 5902 1363 5974 irequcns
1382 5900 1546 5980 itterithmc
1567 5902 1709 5976 gentilium
1728 5914 1797 5975 qur·
