4150 6250
20 233 21 240 '
108 246 160 305 tra

740 239 774 300 tu
789 233 980 307 abnuatur,
1000 232 1076 296 aar.
1096 237 1140 296 nr.
1673 311 1677 326 ι
1697 238 1749 297 tto

143 366 184 422 Ex
202 363 251 420 boo
271 362 425 420 aratem'uel
444 361 504 420 solo
517 360 628 419 arnobii
644 359 729 420 nostrl
745 358 898 415 testimonio
912 365 938 426 ,Ι
951 354 1021 422 lieo,
1036 372 1129 413 corum
1145 364 1232 412 unias
1246 357 1399 414 ultimorum
1415 355 1472 413 lieri
1490 356 1704 424 conuersiones;
1720 366 1750 413 at

108 457 184 516 facile
208 456 317 529 colliges
343 467 443 528 quanta
470 455 551 512 luerit
575 454 646 510 illius
667 452 755 509 aditae
778 462 900 523 tempore
951 464 1012 503 cum
1033 449 1192 516 carrdbces,
1218 449 1296 517 unci,
1321 449 1420 520 aliique
1444 448 1579 505 innumeri
1602 448 1748 518 cruciatus,

20 571 21 616 l
109 562 253 625 martyrum
275 548 429 606 turultiludo.
445 548 522 619 Quod
547 548 654 620 quidem
674 546 736 603 ideo
750 545 837 601 obiter
851 561 900 599 no·
951 542 1177 613 quemadmodum
1191 541 1318 607 dirimas,
1333 541 1508 613 impendeant
1525 540 1687 606 credituris,
1700 554 1749 596 uc·

20 641 21 644 ’
108 652 204 712 umus,
219 653 340 715 utquam
356 641 425 699 falsa
439 643 475 699 sil
488 642 523 699 de
539 656 632 699 eorum
654 642 788 714 paucitate
807 639 900 712 opinio
950 632 997 688 iuti
1030 633 1146 705 quadaru
1175 634 1335 700 dulcedine,
1366 643 1447 705 alque
1474 632 1594 689 omniunt
1622 632 1749 687 virtulum

107 752 200 794 omnus
214 736 373 809 innuliigani,
950 719 1044 781 aniore
1065 726 1197 797 correpti,
1213 726 1335 797 cognitas
1356 724 1491 796 accipiant
1512 723 1647 791 rationes,
1668 734 1749 793 atque

141 829 194 886 Sed
214 829 347 902 egedam,
361 838 443 900 atque
453 827 601 886 Arnobium
616 835 737 885 nostrum
750 825 840 883 adbuc
852 840 899 880 au·
951 818 1044 875 mandi
1057 820 1183 875 orrrnibus
1197 820 1278 876 rebus
1292 828 1450 891 praeponant
1461 817 1594 873 anticitias
1604 815 1747 872 christiin

108 919 224 990 diamus,
248 922 284 979 de
296 922 444 993 utriuslibet
466 921 645 991 corrditiouis,
661 921 747 977 atatis
768 935 801 976 ac
819 933 900 975 serus
950 910 1019 980 Tot,
1035 914 1082 971 ille
1094 919 1150 983 ait,
1165 925 1273 987 sanaque
1287 914 1393 971 diversa
1407 911 1698 986 exquisitissimarum,
1718 924 1751 966 ac

20 1069 21 1072 ,
109 1016 267 1090 martyribus
289 1016 488 1073 disserentem:
514 1015 582 1073 «ab
602 1014 767 1081 oaulnls‚›
793 1011 900 1083 ait-,ille
950 1006 1037 1065 ferme
1062 1010 1262 1066 incredibilium
1288 1025 1427 1082 poenarnm
1450 1006 1615 1080 getrera,ab
1635 1004 1751 1062 infirmis

109 1109 213 1181 (idem,
224 1109 270 1167 ai.
281 1125 312 1174 u,
324 1127 386 1182 paq.
398 1110 433 1166 lt
444 1119 468 1164 et
480 1106 573 1182 seqq),
586 1128 596 1162 ι
610 1125 640 1166 se
653 1108 724 1165 servi
736 1105 901 1163 cruciatibus
951 1101 1074 1175 adeoque
1089 1101 1191 1175 fragilis
1205 1113 1309 1159 naturae
1322 1102 1389 1158 viris
1404 1114 1431 1157 et
1445 1099 1606 1157 mulieribus
1629 1095 1749 1162 tamdiu,

108 1205 194 1271 allici,
206 1205 305 1277 quibus
319 1205 473 1272 statuerint,
488 1205 600 1272 malunt,
620 1202 688 1259 solui
702 1203 831 1273 coniuges
843 1215 901 1256 ma·
952 1199 1171 1266 lantaqueauimi
1181 1198 1349 1265 fortitudine,
1359 1197 1451 1253 diuino
1461 1192 1628 1252 sineauxilio
1640 1190 1750 1248 tolerari

108 1296 428 1366 triaroniis,exbaeredari
438 1295 620 1369 aparentibus
631 1295 719 1366 liberi,
728 1311 808 1367 qnam
820 1293 901 1350 fldem
951 1307 1005 1348 nota
1019 1303 1174 1363 potuerant.

108 1406 231 1462 rumpere
245 1390 428 1459 christianam,
438 1400 466 1446 et
477 1389 604 1446 salutmis
616 1388 719 1445 miiitiae
731 1395 901 1444 sacramenta
987 1386 1152 1460 Praeceptori
1163 1404 1214 1445 suo
1224 1387 1311 1444 adbuc
1322 1386 1485 1459 saliragatur
1493 1386 1614 1458 proxime
1627 1380 1750 1438 laudatus

108 1482 254 1554 deponere.
273 1500 282 1534 ι
297 1482 413 1538 laruam
435 1494 526 1538 autem
548 1480 640 1548 abest,
655 1488 685 1535 ut
706 1489 745 1535 tot
768 1480 902 1551 tantisque
951 1493 966 1533 a
982 1479 1059 1535 nobis
1079 1479 1235 1537 Lactantius
1252 1500 1259 1535 ε
1276 1499 1286 1533 ι
1303 1479 1370 1536 Nam
1381 1494 1443 1535 cnm
1457 1477 1547 1534 rideat
1558 1476 1671 1547 uulgus,
1686 1492 1696 1526 ι
1713 1473 1751 1528 ait

107 1576 267 1634 cruciatibus
279 1575 379 1633 ethuici
392 1574 602 1632 christianorum
626 1574 707 1630 ludera
720 1572 900 1629 labefactare·
952 1572 1007 1641 iile,
1027 1593 1037 1626 ι
1057 1574 1200 1632 dilacerari
1216 1576 1340 1631 bomines
1356 1574 1439 1630 uariis
1454 1583 1651 1630 tormentorum
1665 1582 1750 1641 gene·

107 1671 174 1736 rint;
187 1670 249 1742 quin
264 1670 352 1743 potius
372 1670 417 1725 illa
432 1669 542 1727 altiores
553 1683 670 1740 semper,
684 1667 804 1724 Arrrobio
820 1676 898 1734 teste,
950 1666 1036 1731 ribus,
1053 1677 1081 1723 et
1103 1669 1174 1724 iuter
1196 1666 1323 1740 fatigatos
1345 1666 1487 1724 carnibccs
1510 1665 1636 1721 inuictam
1657 1672 1751 1718 tenere

107 1764 188 1835 egerit
199 1764 316 1834 radices,
331 1779 364 1820 ac
377 1763 481 1821 llrmius
495 1763 625 1830 stabilita,
640 1778 702 1820 cum
715 1760 811 1834 majori
826 1777 898 1817 rnar·
914 1759 1120 1831 sspatieutiam,
1136 1762 1293 1816 existimant
1313 1760 1340 1816 id
1360 1758 1431 1831 quod
1445 1774 1490 1815 res
1501 1767 1555 1825 est,
1570 1771 1621 1812 nec
1632 1768 1750 1811 comen·

108 1867 191 1930 lyram
216 1875 346 1929 numero,
361 1861 445 1932 magis
465 1874 575 1931 semper
589 1858 717 1915 creverit.
731 1856 901 1929 Quapropter
951 1867 1011 1910 snm
1025 1861 1080 1909 tarn
1096 1854 1252 1919 irruiturum,
1269 1868 1319 1910 nec
1331 1852 1562 1924 perseverantiam
1578 1848 1749 1905 morientium

108 1948 175 2008 bunc
187 1952 233 2009 ille
246 1954 334 2025 pergit
347 1953 373 2009 io
387 1953 518 2010 modum:
536 1973 546 2006 ι
563 1952 631 2009 Cum
644 1967 743 2025 genera
758 1965 899 2024 poeuarum
951 1960 1047 2001 ranam
1061 1960 1135 2011 esse,
1145 1960 1195 2002 nec
1207 1946 1293 2016 ipsam
1305 1944 1464 2017 patientiam
1474 1944 1534 1999 sine
1547 1941 1603 1999 lieo
1615 1939 1751 1997 cruciatus

109 2051 176 2101 bula
194 2046 249 2102 sint
265 2046 371 2102 arabis
385 2049 523 2119 proposita
538 2045 676 2118 religionis
692 2044 772 2116 bajus
785 2060 900 2117 sequen·
951 2047 1042 2096 tantos
1065 2055 1145 2110 posse
1165 2041 1300 2095 sustinere
1318 2057 1328 2091 ι
1346 2036 1505 2108 (taetant,
1520 2035 1564 2092 b'i.
1580 2052 1607 2106 v,
1628 2051 1687 2106 cup.
1704 2033 1749 2100 15,

110 2136 173 2192 ubas
185 2138 273 2210 leges,
286 2150 415 2211 augeatur
427 2154 472 2196 rea
487 2138 584 2211 magis,
598 2149 626 2195 el
638 2148 732 2195 contra
742 2153 838 2195 ornnes
850 2137 900 2194 mi·
951 2147 1012 2204 pop.
1033 2131 1118 2204 tos).
1143 2131 1225 2189 Vides
1239 2134 1330 2204 itaque
1344 2147 1423 2203 qnam
1440 2129 1542 2186 diserte
1557 2128 1603 2185 iile
1617 2136 1679 2201 post
1697 2127 1748 2182 Ar·

110 2249 164 2302 aas,
178 2243 261 2308 etque
274 2235 415 2292 interdieta
430 2233 603 2291 formidinum
625 2235 773 2292 animosius
786 2236 899 2307 populns
950 2227 1060 2283 nubium
1077 2234 1219 2293 nostrum,
1233 2242 1266 2282 ac
1279 2227 1391 2283 citatam
1405 2239 1420 2279 a
1435 2223 1513 2280 trabis
1525 2221 1591 2278 alibi
1605 2219 1750 2277 Minuciam

110 2328 253 2398 obnitatur,
268 2330 341 2387 etad
356 2330 483 2388 credendi
503 2330 621 2388 studium
640 2330 829 2406 prohibitionis
847 2332 898 2388 sti·

109 2424 182 2480 nolis
192 2425 336 2482 excitetur.
357 2444 367 2478 ι
385 2424 395 2495 (
405 2424 488 2493 idem,
505 2443 566 2499 paq.
578 2424 640 2500 lo.)

140 2518 229 2591 Neque
240 2528 282 2576 est
296 2517 427 2589 proiecto,
442 2520 515 2592 qaod
529 2521 590 2591 qais
602 2522 756 2596 suspicetur
769 2522 796 2578 id
807 2523 841 2579 ab
851 2523 898 2578 illo

109 2618 207 2668 lunare
218 2620 247 2668 cl
260 2611 330 2667 laiso
343 2610 458 2679 dictum,
475 2623 521 2669 aut
537 2613 617 2669 ulmis
627 2625 827 2687 exaggeratum.
838 2614 898 2673 Non

107 2708 193 2762 atinus
213 2706 312 2763 etenim
333 2706 485 2764 luculenter
498 2707 681 2765 Tertullianus
697 2728 704 2764 :
723 2730 733 2763 ι
748 2710 805 2767 Nec
817 2710 897 2782 qnid·

107 2819 193 2874 quana,
209 2821 220 2857 ι
234 2802 283 2871 ait,
301 2821 311 2855 ι
327 2802 434 2873 proiicit
454 2804 614 2874 exquisitior
627 2820 741 2876 queque
752 2804 898 2861 crudelitas

107 2906 208 2962 testra3
223 2895 350 2952 illecebra
371 2906 414 2952 est
430 2897 516 2968 magis
536 2907 629 2954 seclae.
644 2897 740 2955 Plures
752 2898 895 2968 edicimur,

107 2989 205 3060 quoties
217 2991 346 3047 metimur
358 3004 373 3044 a
384 2989 462 3047 tobis
471 3008 479 3045 τ
488 3007 582 3048 semen
595 3001 637 3049 est
649 2993 760 3064 sanguis
773 2992 898 3049 christia·

107 3099 194 3142 uorum
199 3124 258 3143 .....
279 3083 335 3142 Nec
355 3093 444 3141 tantas
464 3084 604 3142 inueniant
618 3085 699 3143 rerba
712 3094 801 3143 rostra
816 3085 896 3143 disci·

949 2317 1068 2375 Felicem
1085 2316 1214 2391 (osser.
1234 2320 1261 2374 in
1280 2317 1393 2382 dimoc..
1409 2333 1467 2386 cop.
1483 2331 1521 2382 ur,
1538 2325 1590 2371 art.
1601 2310 1658 2386 5.),
1673 2327 1749 2370 asse·

949 2420 1025 2469 neret
1043 2412 1200 2483 inspiratam
1223 2412 1257 2468 ab
1280 2412 1397 2482 ipsomet
1422 2410 1477 2467 lieo
1499 2409 1573 2465 illam
1597 2407 1749 2465 mirabilem
1796 2443 1802 2458 ,

949 2518 1063 2575 prorsus
1084 2513 1234 2575 martyram
1254 2502 1423 2574 patientiam.
1437 2501 1518 2570 Atqui
1535 2501 1604 2555 Deus
1619 2499 1688 2556 bane
1706 2498 1749 2555 di·

949 2598 1040 2655 vinam
1054 2613 1130 2653 suam
1146 2612 1237 2668 opem,
1254 2608 1281 2651 et
1299 2596 1429 2652 auxilium
1450 2592 1695 2651 extraordinarium
1716 2593 1749 2649 iis

949 2695 1053 2743 tantum
1067 2685 1192 2751 cornert,
1208 2682 1254 2754 qui
1267 2699 1333 2740 uero
1347 2682 1406 2754 ejas
1420 2681 1522 2749 cultui,
1543 2696 1670 2752 veraeque
1682 2679 1748 2735 reii-

948 2780 1022 2853 gioni
1047 2780 1193 2850 mancipati
1218 2787 1297 2846 sant,
1316 2793 1371 2833 non
1390 2786 1481 2833 autem
1502 2775 1581 2843 aliis,
1604 2776 1650 2849 qui
1674 2774 1748 2831 illum

948 2883 1091 2945 spernunt,
1107 2873 1255 2944 repellunt.
1267 2880 1296 2928 et
1307 2872 1331 2927 ei
1348 2886 1457 2941 semper
1469 2869 1660 2926 adversantur.
1674 2868 1749 2925 Alias

948 2971 1088 3028 enimvero
1103 2968 1150 3025 lile
1169 2969 1220 3026 sibi
1241 2967 1293 3039 ipsi
1308 2967 1463 3024 contrarius
1477 2974 1560 3023 osset.
1576 2964 1747 3021 Christiano-

948 3081 1008 3120 rum
1024 3080 1107 3137 ergo,
1127 3063 1190 3135 qui,
1209 3063 1263 3118 lien
1285 3062 1451 3134 opitulante,
1466 3049 1507 3115 tot
1528 3067 1676 3131 tantaque,
1698 3074 1748 3129 pro

107 3180 490 3254 W103,qua„103,chfqujanj
514 3180 593 3237 saepis
614 3180 745 3253 docendo?
770 3180 817 3235 pn,
838 3180 894 3250 ipsa
909 3172 932 3236 c
948 3157 1047 3216 luenda
1070 3173 1127 3214 suae
1149 3157 1289 3228 religionis
1312 3154 1500 3226 professione,
1517 3163 1571 3209 tarn
1592 3161 1748 3209 constanter

107 3273 256 3341 obstinatio,
265 3289 344 3344 quam
355 3276 536 3345 exprobratis,
547 3274 673 3346 magistra
685 3283 737 3331 est.
748 3273 813 3343 Quis
823 3275 894 3330 enim

107 3381 153 3423 non
166 3367 396 3440 cruuempiatione
409 3367 468 3437 eius
481 3368 635 3425 concutitur
652 3367 685 3424 ad
703 3367 894 3440 requirendum

107 3461 162 3530 quid
174 3462 246 3518 iratus
259 3462 286 3517 in
297 3476 327 3518 rc
339 3460 466 3530 sillQais
478 3462 598 3528 immabi
612 3460 760 3533 requisivit,
774 3462 894 3532 accedit;

107 3553 145 3610 abi
166 3556 298 3623 accessit,
325 3556 380 3627 pati
404 3565 515 3628 exoptat
539 3538 723 3628 (Tertullinus,
746 3556 894 3631 Apuioqet„

106 3662 159 3716 cap.
169 3647 247 3722 soit
257 3647 342 3705 Nemo
357 3644 485 3705 autemid
502 3649 564 3721 ipsi,
581 3665 675 3722 parum
689 3660 790 3707 attenta
805 3662 896 3709 mente

105 3741 247 3811 scribenti,
271 3742 403 3801 excidisse
427 3752 512 3816 putet.
535 3743 596 3799 libo
619 3743 750 3816 siqnidem
774 3744 800 3801 in
827 3745 896 3802 libro

946 3251 1018 3322 passi
1033 3261 1107 3316 sant,
1123 3264 1204 3306 ueros
1218 3258 1366 3321 gratusque
1378 3257 1438 3305 erat
1454 3248 1509 3303 lieu
1523 3245 1623 3313 callus,
1636 3260 1669 3301 ac
1683 3260 1747 3301 vera

946 3343 1028 3399 etiam
1039 3358 1146 3408 eorum,
1154 3341 1384 3415 quemadmodum
1393 3339 1461 3398 lalsa
1469 3338 1642 3397 ethnicorum
1651 3339 1747 3410 religio

946 3450 1007 3494 esse
1020 3435 1149 3495 debebat.

1252 3587 1397 3629 aautcutus
1416 3587 1444 3628 ll.
1541 3580 1546 3605 s

947 3704 1073 3766 Quomodo
1084 3704 1208 3756 ,braobius
1218 3705 1357 3757 christiane
1377 3705 1506 3770 religionis
1517 3705 1648 3758 veritatem
1667 3704 1747 3759 adbuc

977 3769 1087 3820 vindicet
1107 3782 1138 3818 ex
1157 3767 1225 3819 illius
1241 3769 1371 3829 doctriua,
1388 3770 1420 3818 ab
1438 3771 1575 3820 innumeris
1589 3769 1746 3830 bominibus,

105 3835 196 3893 eadem
209 3839 326 3910 repetit:
343 3856 353 3889 ι
369 3836 425 3896 Nec
437 3838 544 3895 deliciet
563 3837 621 3896 baec
640 3849 725 3908 secta,
738 3855 818 3910 quam
834 3848 896 3896 tunc

105 3932 188 4002 magis
212 3934 335 3989 ottocari
359 3934 440 4002 scias,
463 3950 525 3991 cum
548 3934 615 3991 cauli
639 3934 756 3990 uidetur.
778 3934 896 4007 Quisque

106 4025 172 4081 enim
189 4034 287 4083 tantam
301 4027 472 4084 tolerantiam
487 4037 663 4100 spectasset
672 4027 897 4098 aliquuscrupulo
982 4021 1132 4079 Veritatem
1156 4022 1312 4079 cbristlana
1334 4022 1476 4095 religionis
1501 4023 1638 4081 brnobius
1661 4024 1741 4080 tertio

107 4132 255 4189 percussus,
268 4131 295 4177 el
310 4122 446 4193 inquirere
466 4121 621 4178 accenditur
637 4120 702 4193 qnid
715 4121 750 4177 sit
763 4121 789 4175 in
804 4136 896 4189 caasa,
947 4125 1118 4188 argumento,
1134 4131 1168 4172 es
1184 4116 1268 4187 ipsius
1286 4115 1426 4185 doctriua,
1440 4131 1473 4172 ac
1483 4117 1684 4188 promptissima
1696 4118 1747 4173 rui·

107 4224 130 4269 ct
140 4215 183 4270 ubi
197 4216 357 4288 cognoverit
371 4215 524 4282 ueritatem,
534 4214 629 4287 etipse
639 4215 728 4271 statim
739 4216 871 4286 sequitur.
884 4232 894 4266 ι
948 4225 1033 4282 raqae
1046 4208 1119 4266 illias
1132 4226 1180 4280 per
1192 4209 1333 4266 uniuersas
1347 4209 1423 4266 orbis
1438 4218 1517 4266 terrac
1527 4220 1634 4282 partes,
1650 4227 1747 4293 propa·

109 4305 217 4377 (luen,
235 4308 297 4364 libr.
310 4309 346 4364 ud
359 4309 481 4382 Scapul..
496 4326 554 4383 cap.
569 4308 614 4382 5).
630 4307 683 4366 sed
698 4309 733 4366 de
747 4310 788 4366 bis
802 4310 896 4377 insius,
949 4304 1058 4377 gatiaue
1067 4304 1163 4375 petito,
1173 4303 1387 4361 luculentissime
1398 4302 1577 4362 demonstrat.
1586 4305 1652 4374 Que
1661 4305 1744 4372 enim,

108 4400 191 4461 abida
206 4415 324 4477 utroque
337 4400 383 4460 illu
397 4402 556 4459 Tertulliani
571 4402 657 4471 libro,
671 4403 878 4476 disputabimus.
949 4395 988 4452 ait
1001 4396 1062 4461 ille·
1078 4405 1121 4452 0⁸²
1133 4397 1192 4469 eills
1206 4396 1351 4452 ducllum?
1366 4397 1450 4454 ὓῦιθῑ
1462 4412 1545 4454 uultui
1560 4398 1747 4455 teutboldo&

138 4497 237 4555 Eadem
252 4497 487 4571 argumentatione
499 4506 527 4554 ct
541 4496 597 4552 Leo
609 4495 731 4568 irrignus,
747 4496 833 4553 etalii
848 4512 898 4552 no-
949 4505 1011 4547 esse
1023 4490 1119 4557 licum,
1134 4489 1260 4563 buncque
1272 4504 1408 4547 summum
1422 4506 1512 4548 rerum
1525 4493 1646 4549 omnium
1659 4491 1747 4549 domi·

976 3891 1081 3944 lerrime
1093 3899 1220 3957 suscepta.

110 4590 150 4647 stri
176 4593 327 4665 scriptores
350 4593 505 4649 cliristianae
526 4590 664 4662 religionis
684 4589 840 4659 ueritatem,
861 4582 1016 4646 utiDnum
1033 4592 1062 4641 et
1080 4583 1250 4655 principem,
1272 4592 1353 4657 atque
1376 4583 1479 4643 idolici)
1498 4587 1584 4642 Ιιθιῑῐί
1607 4585 1748 4642 duellem

110 4699 181 4743 nemo
214 4686 321 4752 nescit,
348 4685 551 4742 evidentissime
578 4684 798 4741 demonstrarunt
824 4687 833 4753 i
846 4681 898 4738 Lea
951 4691 1033 4733 causa
1046 4676 1178 4734 orandum
1192 4687 1219 4734 et
1235 4677 1412 4735 adorandum.
1426 4679 1511 4735 uocet
1522 4679 1590 4735 nibil
1603 4681 1639 4735 ab
1652 4696 1685 4737 eo
1699 4678 1748 4736 de·

110 4773 291 4851 lingosterio.
301 4776 503 4848 r,deSS.Pelr.
513 4787 537 4832 ιι
552 4775 661 4850 Prot).
676 4775 712 4833 m
725 4792 781 4848 pru
793 4776 899 4832 ceteris
952 4768 1139 4842 poscendam,
1156 4770 1207 4827 nisi
1218 4772 1341 4841 iustum,
1363 4771 1525 4839 butrestum,
1540 4780 1568 4827 et
1584 4771 1676 4827 auditu
1689 4772 1747 4843 ejus

110 4868 274 4941 Lactantius,
300 4872 412 4929 arnobii
435 4873 520 4928 nostrl
543 4872 708 4943 discipulus,
723 4886 783 4927 eant
805 4880 898 4927 contra
952 4866 1072 4938 dignum.
1100 4867 1184 4923 Docet
1205 4866 1271 4922 aibll
1291 4865 1463 4922 tribuendum
1486 4866 1584 4936 iniquae
1607 4866 1746 4922 boadnum

110 4963 235 5025 Etbnicos
250 4976 338 5038 urget,
345 4981 377 5023 ac
391 4965 513 5038 quaedam
529 4964 684 5021 eorumdem
699 4962 838 5036 gemilium
851 4965 900 5021 ab·
952 4958 1090 5028 cupiditati
1105 4969 1133 5017 et
1147 4959 1272 5025 libidini,
1295 4958 1343 5016 sed
1358 4960 1466 5031 utrique
1488 4974 1597 5028 semper
1613 4960 1747 5017 obsisten-

110 5056 183 5131 jecla,
199 5061 299 5132 quibus
312 5060 384 5116 iilius
397 5060 450 5115 uim
465 5069 493 5114 et
504 5058 588 5115 robur
606 5058 743 5114 inbrmare
761 5056 899 5114 canaban·
950 5053 1032 5115 duma
1052 5052 1169 5109 dandam
1186 5052 1347 5109 iustocentiua
1358 5066 1392 5107 ac
1406 5066 1512 5108 murum
1532 5051 1677 5125 integritati
1693 5052 1747 5109 ulla

112 5159 162 5217 tar,
178 5153 274 5220 diluit,
287 5167 319 5210 ac
333 5151 560 5224 quemadmodum
581 5166 631 5208 suo
651 5151 711 5207 loco
731 5150 900 5217 ridebimus,
951 5165 1078 5222 umquam
1105 5149 1164 5205 sine
1191 5147 1395 5205 intermissione
1419 5164 1551 5221 operam,
1583 5163 1687 5219 nosque
1712 5148 1747 5204 ab

111 5248 211 5316 peuibrs
225 5246 516 5320 subuertitiboctnnt„
534 5247 579 5301 lib.
594 5261 623 5313 r,
638 5246 671 5301 de
684 5244 762 5315 inat,
778 5262 837 5318 cop.
853 5246 898 5313 15,
951 5243 1024 5300 omni
1040 5243 1100 5300 labe
1113 5242 1274 5299 delictorum
1289 5242 1410 5298 omnium
1425 5242 1609 5313 amputatione
1630 5257 1746 5313 purgan-

112 5355 167 5412 paq.
181 5343 247 5411 tol,
261 5352 286 5398 et
298 5358 356 5415 cap.
375 5341 418 5406 le,
432 5359 493 5415 paq.
509 5338 597 5413 olo).
951 5337 1020 5394 dus:
1038 5355 1048 5389 ‹
1065 5334 1139 5391 Nihil
1151 5350 1245 5391 sumus
1257 5334 1329 5393 aliud
1342 5335 1493 5400 christiani,
1512 5355 1522 5389 ι
1537 5334 1651 5392 Arnobii
1664 5335 1747 5392 uerba

142 5434 316 5511 liancitaquc
325 5453 405 5507 quam
412 5436 613 5494 conclusionem
625 5435 688 5493 inde
700 5435 790 5491 eliciat
800 5437 902 5493 Auctm
952 5440 1029 5500 suut,
1047 5450 1057 5484 ι
1074 5431 1127 5487 nisi
1141 5432 1270 5503 magistro
1283 5429 1408 5499 cbristo,
1424 5432 1522 5488 summi
1535 5431 1608 5503 regis
1625 5445 1657 5486 ac
1674 5430 1748 5502 prin-

113 5539 210 5596 nester,
227 5531 350 5599 silabet,
366 5531 572 5603 expendamus:
590 5549 599 5584 ι
615 5529 768 5602 Numquid,
787 5551 797 5584 ι
817 5531 903 5601 inquit
953 5527 1019 5600 cipis
1037 5535 1227 5596 veneratores,
1251 5526 1333 5594 nibil,
1354 5527 1378 5583 si
1392 5526 1566 5594 consideres,
1582 5525 1654 5581 aliud
1669 5526 1747 5583 inuo-

114 5618 236 5692 idraob,
249 5623 295 5679 ta.
307 5641 337 5689 n,
351 5641 411 5697 pop.
426 5624 491 5696 15),
521 5642 531 5675 ι
548 5622 607 5679 baec
619 5621 678 5679 lieri
692 5621 791 5693 passim
805 5632 833 5680 et
842 5622 901 5678 ina·
953 5621 1054 5677 naiasin
1068 5621 1119 5677 ista
1135 5621 1267 5694 religione
1276 5621 1389 5678 versari.
1412 5619 1475 5678 ilaec
1489 5619 1571 5676 totius
1584 5634 1690 5677 summa
1703 5635 1748 5676 ac·

113 5711 179 5770 aiter
192 5714 322 5773 creditis?
334 5715 465 5775 Fortuitis
481 5715 634 5773 iucursibus
651 5717 753 5773 assumi
767 5714 904 5773 basmen·
954 5712 1054 5780 tionis,
1076 5713 1122 5771 laic
1144 5714 1300 5787 propositus
1319 5713 1452 5770 terminas
1469 5711 1622 5770 diuinorum
1647 5711 1750 5771 oucia-

114 5810 167 5868 lcsl
180 5808 257 5871 ltauc
270 5811 342 5871 istud
354 5827 409 5887 uun
420 5811 543 5873 diruam
557 5824 585 5873 et
595 5824 703 5872 sacrum
717 5819 770 5882 est,
785 5819 832 5871 aut
845 5812 904 5870 sine
954 5825 1030 5881 rum,
1043 5810 1088 5871 bic
1101 5811 1173 5872 bnis.
1194 5810 1264 5871 linio
1283 5823 1378 5871 omnes
1396 5824 1430 5869 es
1442 5823 1519 5868 more
1533 5807 1749 5884 prosternimur,

976 3832 1079 3881 deorum
1091 3831 1168 3881 cultui
1180 3832 1292 3892 addictis,
1305 3844 1352 3895 per
1368 3838 1448 3883 tolum
1467 3839 1590 3885 terrarum
1600 3835 1687 3885 orbern
1703 3847 1746 3884 ce-
1831 3858 1837 3871 ι
