4150 6250
123 252 133 261 ’
168 249 253 311 ¹253
859 252 961 311 LIBER
981 250 1162 311 suuutuus.
1207 274 1213 282 ⁴
1776 264 1845 320 lust

168 370 276 430 dicant
300 374 431 448 evigilare
451 389 522 442 sese,
547 382 628 445 atque
652 374 781 440 dormire,
805 369 991 437 deambulare,
1006 367 1136 430 aderet
1154 384 1292 427 sacrorum
1315 387 1349 428 ex
1372 374 1587 433 confectionibus
1613 378 1844 435 inrentmrttlu-

167 462 351 534 subsistere,
372 464 543 523 conscribere
565 464 667 536 aliquid
691 472 719 520 et
737 463 875 530 lectitare,
896 470 926 516 nt
938 458 989 515 bu·
1041 462 1187 532 qustinres,
1198 464 1366 534 potentiores
1381 468 1509 523 mactatis
1524 468 1673 540 pecudibus
1686 472 1773 528 bant:
1791 473 1841 527 ad-

168 569 281 615 uorem
311 559 364 616 diis
389 558 523 627 babeant,
551 567 579 614 et
602 557 777 630 dignitatibus
809 569 858 612 eos
890 554 991 611 iaciant
1041 554 1115 611 ditur
1134 555 1189 614 illis
1204 573 1238 613 ex
1263 557 1548 630 ltnequidquam,aut
1566 563 1841 634 essediimagisdi-

169 650 357 721 ampliorest
381 652 450 720 Quid
474 653 547 709 euim
571 666 670 708 cruore
694 652 728 708 de
754 650 899 722 pecomml
919 649 989 718 Quid
1041 647 1161 704 ciuitate
1187 648 1346 720 incipiuntd
1362 653 1489 723 ampliata
1505 655 1517 708 t
1533 655 1614 726 lltqui
1636 662 1845 725 egucuntnme·

169 753 327 800 sacrorum
350 743 520 802 coniectione
542 743 576 800 de
599 753 698 800 cetera
731 741 921 812 superadditur
947 741 988 796 bis
1040 742 1259 813 liaepruximum,
1274 745 1423 816 quinimmo
1441 761 1502 803 csse
1519 747 1624 818 plenam
1648 749 1841 804 contumeliam

169 834 239 890 rell
266 837 334 908 quid
358 836 505 909 apponitur
526 846 608 909 atque
628 837 753 907 adjicitur
766 836 925 909 potestatis?
940 834 988 892 Et·
1037 834 1141 905 jadico,
1163 852 1226 891 eum
1253 835 1383 894 honorari
1398 839 1432 894 ab
1458 839 1568 897 bomine
1595 842 1662 898 deus
1683 841 1793 905 dicitur,
1813 851 1842 897 et

167 929 254 986 enitn
279 931 367 988 laeuos
380 936 480 999 omnis,
501 932 547 1003 qui
568 930 660 987 baberi
676 930 812 1001 abaliquo
826 930 943 994 dicitur,
961 938 989 985 et
1040 927 1161 984 mutueris
1175 929 1290 1000 alicujus
1302 931 1440 988 ululatione
1463 934 1586 988 ntactari.
1602 932 1709 988 Etenim
1719 933 1741 988 si
1753 932 1840 990 bonos

168 1022 347 1079 reverentie
367 1008 484 1095 potioris
496 1022 617 1089 attribui,
632 1021 737 1078 relativi
756 1030 798 1076 est
818 1018 851 1076 ad
873 1020 988 1076 aiterum
1038 1019 1258 1090 carmelusque
1281 1022 1435 1077 accumulat
1457 1023 1626 1094 dignitatem,
1641 1025 1684 1080 cui
1698 1024 1778 1080 luerit
1801 1033 1843 1078 ut·

166 1113 303 1182 generis,
316 1124 345 1172 et
356 1124 485 1173 constans
497 1114 618 1186 partibus
633 1111 748 1179 duabus,
764 1128 798 1168 es
811 1112 987 1169 concessione
1040 1110 1169 1179 tributus,
1193 1113 1327 1183 sequitur,
1340 1123 1370 1168 ut
1383 1114 1488 1170 auctior
1503 1115 1570 1171 deas
1585 1115 1631 1170 llat
1644 1117 1677 1171 ab
1692 1115 1840 1182 beminen

166 1205 339 1275 tribuentis,
348 1215 377 1263 et
391 1206 599 1277 amplilicatione
608 1206 749 1281 sumentis.
766 1204 800 1262 Ut
813 1206 836 1262 si
850 1205 985 1277 quispiam
1038 1218 1093 1274 qno
1115 1202 1196 1259 iuuerit
1218 1220 1331 1262 munere
1352 1216 1379 1261 et
1404 1207 1517 1264 lionoris
1538 1208 1684 1266 collatione
1703 1210 1839 1266 donatus:

163 1296 235 1353 riso
249 1298 436 1370 potentissimi
451 1298 568 1355 numinis
580 1306 661 1371 atque
673 1299 844 1354 auctoritatis
856 1298 926 1365 viru,
943 1298 986 1354 ria
1038 1305 1120 1368 atque
1134 1298 1169 1351 ita
1183 1297 1341 1368 perducitur
1358 1313 1404 1354 res
1426 1315 1470 1365 eo,
1485 1309 1513 1355 nt
1528 1299 1641 1357 inlerior
1653 1300 1720 1356 deus
1735 1302 1780 1367 sit,
1793 1301 1839 1372 qai

165 1389 307 1460 decedat,
334 1399 466 1464 assurgat,
485 1399 566 1463 caput
582 1393 702 1460 revelet,
718 1390 894 1463 vehiculoque
911 1390 985 1447 desi·
1038 1387 1188 1445 honoribus
1198 1397 1329 1446 mactatur
1344 1390 1490 1457 bumanis;
1505 1391 1587 1448 Ιιοιιιο
1603 1407 1668 1449 tere
1682 1393 1836 1453 sublimior,

165 1482 225 1539 liat
242 1501 250 1537 ε
270 1493 327 1540 tum
345 1483 443 1541 deinde
456 1484 555 1541 salutet
568 1483 679 1541 acclinis
694 1503 701 1538 ε
715 1483 871 1539 ancillatum
884 1483 985 1540 servuli
1043 1481 1089 1551 qui
1105 1489 1187 1553 auget
1206 1481 1357 1551 potentiam
1374 1483 1504 1539 tranriais.

170 1573 339 1644 pavibunda
355 1574 532 1648 trepidatione
544 1574 663 1631 imitatus
680 1575 792 1643 :uidem
807 1574 872 1646 quid
891 1582 985 1647 agatur
1073 1570 1133 1627 XV.
1146 1570 1217 1639 Quid
1230 1587 1307 1644 ergo,
1322 1574 1426 1645 inquiet
1436 1575 1545 1646 aliquis,
1558 1574 1690 1632 bonorem
1702 1577 1755 1634 diis
1770 1578 1839 1634 dan·

164 1667 198 1723 iu
215 1668 376 1741 hujusmodi
391 1669 675 1727 uenerationiselueio
688 1669 899 1726 :summissione
917 1669 986 1725 alte-
1037 1664 1101 1720 dum
1117 1665 1220 1721 nultum
1245 1679 1306 1721 esse
1334 1667 1446 1722 omnino
1472 1666 1612 1723 censetis?
1628 1667 1658 1723 Si
1680 1668 1746 1724 deos
1759 1671 1838 1725 nobis

165 1759 234 1817 rius
251 1763 333 1819 datur
344 1762 423 1819 alteri
439 1762 584 1834 plurimum
595 1780 602 1815 ι
612 1761 794 1833 eluciturqtte,
819 1771 850 1816 ut
862 1759 984 1817 uideatur
1000 1749 1191 1831 Bprupouttts
1204 1759 1283 1825 tales,
1300 1759 1405 1830 quales,
1422 1760 1531 1826 slsum,
1546 1759 1734 1824 debentesse‚
1756 1778 1839 1833 ques·

166 1870 305 1928 magnus,
328 1871 409 1929 quent
435 1855 573 1928 suspectio
595 1855 708 1912 minoris
730 1855 867 1923 extulerit,
883 1863 911 1912 et
925 1854 981 1911 suis
1035 1866 1089 1921 que
1101 1850 1193 1906 dicere
1204 1864 1254 1906 nos
1267 1864 1363 1906 ornnes
1377 1850 1406 1904 in
1418 1850 1497 1905 istius
1514 1851 1633 1905 nominis
1644 1850 1836 1921 predicatione

166 1950 366 2021 anteposuerit
376 1948 469 2007 rebus.
1034 1944 1176 2009 sentimus,
1189 1941 1415 2014 quemadmodum
1428 1956 1573 2012 possumus
1587 1943 1718 1998 honorem
1727 1942 1769 1998 bis
1780 1959 1836 1999 nou

205 2040 285 2097 xlii.
297 2039 352 2098 Sed
364 2041 506 2100 concessio
519 2041 579 2098 baec
590 2042 688 2109 omnis,
700 2050 728 2096 et
742 2039 866 2108 honoris,
878 2040 913 2096 dc
925 2055 978 2110 qna
1032 2033 1135 2091 babere
1146 2034 1189 2091 ael
1202 2034 1347 2089 maximum
1359 2051 1366 2099 ;
1376 2033 1528 2089 nemetiam
1542 2033 1634 2089 colere
1650 2033 1776 2090 ltomines
1786 2051 1836 2105 po·

163 2132 324 2205 loquimur,
341 2135 489 2204 attributio,
516 2135 583 2191 solis
608 2134 692 2190 babet
713 2134 739 2189 in
760 2135 915 2190 bominibus
930 2147 975 2188 se·
1031 2127 1191 2184 teatioribus
1209 2126 1396 2195 acceperimus
1409 2124 1542 2194 imperiis,
1556 2126 1744 2197 cujuscunque
1759 2127 1834 2183 ordi-

163 2225 236 2282 detn
253 2245 260 2280 ε
276 2241 345 2298 qnos
355 2228 486 2283 naturalis
500 2227 691 2296 infirmasset
704 2244 781 2284 amur
790 2229 817 2283 iu
832 2227 975 2282 altioribus
1027 2221 1070 2277 nis
1085 2219 1196 2288 luerint,
1211 2219 1407 2289 cujuscumque
1423 2216 1557 2272 lortunaei
1568 2217 1697 2284 Quisnam
1721 2220 1774 2275 iste
1790 2230 1833 2276 est

162 2318 266 2375 standi
279 2318 360 2376 docet
372 2320 491 2391 gaudere
503 2319 538 2377 de
550 2320 674 2389 fastibus,
688 2329 717 2376 et
730 2320 846 2376 aliorum
859 2333 975 2388 eompa-
1025 2313 1182 2370 nausimus?
1200 2311 1355 2366 dluciosior
1368 2309 1464 2376 multo,
1481 2324 1561 2380 quam
1583 2307 1724 2365 babetura
1740 2310 1830 2372 robis.

163 2412 326 2470 rationibus
348 2415 488 2487 anteponi.
515 2415 552 2471 dt
577 2429 670 2487 quaero
697 2424 721 2479 ι,
749 2415 776 2469 in
803 2413 911 2484 superis
929 2412 975 2468 ttbi
1025 2406 1214 2478 etpoteutiore
1230 2405 1372 2475 inuenere
1396 2402 1569 2459 constitutus.
1591 2403 1689 2472 Dicite,
1706 2402 1831 2473 inquitis,

163 2514 212 2563 est
229 2505 363 2566 bonortst
377 2509 464 2578 loeus,
479 2509 523 2567 rel
550 2524 618 2581 quas
640 2508 680 2566 eis
710 2507 871 2565 eminentias
894 2519 975 2562 acce-
1024 2518 1086 2575 quae
1100 2503 1137 2558 sit
1155 2498 1248 2573 opinio
1267 2497 1301 2554 de
1320 2497 1373 2554 diis
1383 2498 1475 2569 digna,
1489 2504 1575 2566 reeta,
1591 2506 1619 2554 et
1631 2496 1758 2564 bunesta,
1774 2511 1826 2552 nec

770 2644 961 2705 tuuutouus
978 2640 1188 2703 tumultuas.

203 2763 218 2793 ⁸
231 2763 273 2813 ltu
284 2764 333 2813 lis.
346 2767 370 2814 et
380 2761 440 2815 Sub.
454 2763 560 2815 Διιιιιι
569 2776 640 2815 tero.

202 2824 274 2877 butu
289 2824 348 2878 Sub.
362 2822 536 2878 dtiirbunort.

1060 2761 1071 2789 ⁰
1091 2757 1190 2807 Addere
1202 2753 1275 2806 Fuie.

1057 2819 1072 2861 ι
1089 2819 1233 2883 succipiunt
1247 2832 1294 2871 aas.
1308 2816 1382 2869 ιιοιο,

868 2929 1150 2992 COMMENTARIUS.

166 3088 194 3136 et
204 3077 313 3149 ceteris,
324 3078 692 3151 queadmoecuturutturibas.
702 3071 968 3150 Lucanusit,bbd.):
983 3072 1006 3136 C
1023 3084 1077 3141 quo
1099 3068 1239 3142 Gelenius,
1267 3069 1346 3125 solitu
1359 3067 1481 3124 mutandi
1494 3067 1613 3133 licentia,
1627 3067 1712 3126 lecitr
1729 3069 1832 3126 uaciltoe

513 3195 596 3246 Sacris
607 3203 666 3248 tunc
675 3194 787 3246 admouet
799 3194 848 3243 aris

249 3253 340 3308 Erecta
351 3257 450 3308 ceruice
464 3269 566 3309 marem.

167 3366 272 3419 Θυσίαν
288 3365 367 3440 dupq's
376 3369 520 3444 προσάγειν
531 3365 619 3422 (treet
630 3366 733 3422 dicuat.
748 3363 872 3420 urraca.

207 3433 347 3505 uuptture.
367 3435 573 3509 Oudendorpitts
587 3439 620 3494 ad
644 3439 758 3494 Sueton.
774 3435 826 3490 l'es
846 3449 886 3488 as.
909 3447 968 3503 cap.

149 3504 215 3565 ut.
231 3523 256 3570 p.
272 3508 337 3573 atu,
353 3508 495 3581 legendum
516 3510 670 3579 suspicatur
694 3508 810 3579 uipiiarc.
827 3449 879 3562 gud
894 3520 971 3560 cum·

169 3577 259 3647 posita
275 3593 324 3648 pro
337 3581 504 3649 simplicibus
529 3593 651 3636 nestrum
676 3576 822 3651 aliqnando
838 3590 969 3647 usurpare

167 3661 253 3719 supra
268 3649 394 3705 vidimus.
407 3649 509 3708 Ossan.

207 3719 242 3774 Ut
252 3719 276 3772 si
284 3720 416 3790 quisquam
430 3723 484 3776 eise
496 3721 663 3790 potentissimi
676 3722 787 3775 uomiuis
801 3719 855 3773 aire
867 3719 908 3772 uia
921 3719 968 3774 ιε’·

167 3791 259 3856 cedat,
285 3799 412 3863 assurqat,
440 3801 516 3864 ceput
538 3791 646 3854 eructet,
666 3791 831 3859 celticuloque
846 3789 967 3856 desiliat,

167 3872 222 3917 etc.
235 3861 379 3920 Sallustius
392 3862 463 3933 apud
477 3862 591 3917 Nouium
606 3879 611 3914 :
625 3858 723 3927 Quibus
734 3859 855 3914 decausis
866 3857 968 3927 Sptium

166 3935 195 3987 iu
206 3935 312 3990 uictoria
327 3933 494 4002 dictatorem,
508 3932 557 3987 sibi
567 3948 629 4001 eque
644 3931 810 3998 descendere,
822 3944 925 3997 surpere
937 3930 969 3984 dc

166 4004 250 4069 sellu,
264 4013 342 4075 eaput
355 4006 455 4073 aperire
466 4005 580 4060 solitum.
598 4004 719 4058 llantur.
733 4000 816 4058 uaris
835 3999 894 4055 scil.
909 4009 969 4055 erat

167 4077 287 4134 uenienti
315 4076 483 4147 magistratui
506 4076 549 4132 uel
577 4075 690 4146 principi
702 4082 967 4151 assurgerecaput

167 4151 296 4216 aperire,
311 4162 381 4208 cauo
395 4158 442 4203 aut
464 4163 545 4205 curru
559 4146 744 4212 descendere,
760 4144 816 4200 sire
829 4140 880 4195 solt
890 4181 898 4206 ,
910 4143 967 4198 site

167 4231 231 4274 euru
255 4219 385 4274 uxoribus
407 4219 551 4284 sederent,
578 4217 678 4273 terrum
703 4230 822 4289 ponere,
844 4220 965 4279 etquam

167 4303 240 4358 equo
252 4290 421 4347 verberando
434 4293 537 4361 rirpam
552 4290 708 4359 gestabant,
724 4303 783 4343 eam
797 4303 813 4343 e
825 4283 921 4339 deutra
938 4286 965 4340 in

168 4376 276 4417 titanum
304 4362 398 4417 laeuam
424 4361 581 4417 transferre.
598 4360 657 4414 tu.
670 4360 781 4426 Serrec,
797 4355 877 4429 epist.
894 4371 962 4423 axa,

167 4434 273 4504 Apulei.
293 4432 394 4488 Florid.
411 4448 450 4500 nt,
462 4442 489 4488 et
501 4447 568 4504 quos
581 4432 646 4488 citat
658 4430 827 4487 Stewecltius
839 4424 872 4479 ad
887 4427 914 4482 lt.
930 4428 960 4495 t,

167 4514 204 4570 et,
221 4505 265 4575 qni
277 4503 327 4559 trac
341 4503 374 4557 de
388 4519 417 4560 re
431 4504 600 4569 taaltusest,
623 4502 715 4558 lastae
730 4501 838 4572 lipsius
853 4496 938 4556 Elect.
954 4539 961 4562 ,

167 4573 214 4630 lib.
227 4591 247 4644 t,
263 4590 321 4701 req).
335 4575 440 4646 caup.
457 4574 534 4631 Tum.
553 4591 569 4636 ι,
586 4590 645 4659 paq.
662 4575 734 4641 725,
751 4575 795 4631 ed.
806 4570 898 4627 vesal.
914 4571 965 4627 Pe·

167 4647 276 4701 cultarts
309 4657 456 4704 caeterum
472 4647 678 4702 salrrtutinnrbus
690 4647 758 4703 liber
766 4644 872 4702 cartae.
882 4643 964 4700 Clara-

167 4717 204 4771 dii
217 4718 305 4773 editus
319 4718 460 4788 UltruJeet.
473 4718 552 4774 ttuu.
565 4717 651 4773 lurma
667 4718 732 4773 rain.
747 4717 849 4776 θιιιιι.

203 4810 335 4881 dssrtrput.
349 4811 456 4885 diruti,
471 4811 568 4884 Geerq.
583 4829 614 4880 tt,
627 4829 653 4868 tt.
670 4812 715 4879 ut,
729 4827 798 4884 seq:

214 4904 277 4954 Sunt
288 4909 314 4954 et
329 4905 433 4956 amineae
446 4907 517 4964 uites,
532 4904 668 4955 llrnussima
679 4907 746 4967 uiua,

213 4965 313 5016 'l'molas
324 4972 351 5017 et
364 4970 470 5030 assurgit
479 4968 578 5031 quibus,
590 4973 617 5018 et
628 4980 674 5018 reu
686 4969 740 5031 ipse
752 4967 873 5019 Phanaeus

167 5048 279 5104 Sert'itts
292 5050 336 5104 ltie
360 5067 367 5103 a
383 5049 503 5104 Tractum
515 5062 551 5105 est
563 5067 579 5104 u
592 5048 745 5116 scdcutibus,
754 5052 833 5119 quiiu
843 5051 965 5107 uenerem

166 5119 282 5188 dticap'ur
300 5137 431 5194 umurpcrc
442 5130 632 5178 consueuerant.
648 5121 750 5177 Oasut..

202 5190 268 5245 Tum
281 5192 372 5247 duride
386 5193 476 5246 saintet
489 5194 604 5249 acclinis.
618 5193 664 5250 stc
677 5208 693 5249 e
705 5192 799 5249 codice
812 5203 882 5249 tusto
901 5208 963 5249 cor·

166 5265 236 5318 rexit
254 5263 422 5319 Steueclrlus
442 5277 491 5332 pro
505 5265 608 5320 acclinis
620 5305 628 5330 ,
642 5266 715 5334 quud
729 5273 807 5319 antea
819 5263 961 5323 edebatur.

165 5334 286 5389 ucccliuis
300 5335 319 5389 i.
333 5351 362 5405 q.
377 5348 489 5406 pronus,
502 5334 633 5390 subnixus
648 5337 675 5391 in
686 5351 784 5406 gertus.
804 5333 906 5391 Ossan.

200 5403 357 5459 bucilletum
369 5404 463 5458 seruati
479 5405 623 5472 pavibunda
644 5406 812 5475 trepidatione
835 5407 960 5465 imitatur.

165 5476 279 5530 Secutus
297 5490 355 5530 sum
379 5474 594 5530 errrendationem
619 5475 689 5532 irene
714 5476 881 5532 verissimam
898 5477 958 5536 Tib.

166 5546 361 5601 llemsterbusil
387 5543 420 5599 ad
448 5544 559 5601 Lucium
585 5546 710 5609 Timon..
733 5562 794 5620 cap.
809 5548 835 5612 d,
853 5558 918 5605 tom.
931 5566 959 5614 ι,

164 5632 224 5687 pag.
239 5614 301 5680 stt,
318 5615 361 5669 erl.
374 5614 498 5685 llipnnt.,
514 5625 542 5671 et
556 5616 668 5674 Gesneri
682 5619 709 5674 in
720 5618 859 5675 Tltesattru
869 5636 895 5675 v.
912 5637 959 5675 aa·

163 5686 301 5741 ciiiatrum.
328 5684 396 5742 Coti.
421 5701 471 5741 nts.
501 5696 528 5742 et
554 5687 637 5744 editio
665 5691 791 5760 princeps
822 5691 921 5747 ltttltcnt
949 5709 957 5745 t

164 5756 323 5813 ancillarum
338 5757 431 5814 auruli
446 5759 577 5829 pauttudns
587 5761 769 5834 trepidationes
781 5762 911 5835 irruiturus,
924 5777 956 5820 οι

1025 3140 1177 3195 uutseruuli
1195 3140 1354 3205 putribundae
1375 3140 1560 3211 trepidationes
1579 3142 1701 3195 inritatur.
1724 3141 1831 3197 Salma-

1026 3213 1124 3267 sinsin
1140 3212 1184 3266 cd.
1199 3211 1285 3280 ungu.
1300 3211 1360 3266 liat.
1376 3210 1445 3265 etad
1455 3209 1555 3271 Solia..
1566 3228 1592 3279 p.
1602 3210 1666 3271 804.
1678 3212 1717 3267 dc
1727 3212 1828 3268 edidit:

1025 3283 1197 3337 duciliutrum
1210 3281 1305 3336 sanati
1319 3281 1471 3353 pavibundus
1484 3282 1694 3350 trepidationibus
1703 3283 1828 3346 imitatus,

1023 3353 1226 3408 mauriliacum
1239 3353 1377 3423 explicans
1387 3352 1585 3415 cucillaticuem,
1600 3353 1633 3408 ab
1643 3354 1763 3417 ancillor,
1776 3358 1826 3408 ari.

1022 3422 1077 3481 Sed
1102 3425 1201 3480 vellem
1228 3423 1307 3492 liujus
1331 3423 1425 3477 tornae
1452 3423 1529 3478 nobis
1550 3425 1673 3493 exempla
1697 3423 1828 3481 dedisset.

1022 3495 1204 3564 Qttrttttubtetu
1220 3494 1325 3564 pratuli
1340 3494 1502 3554 ancillatum,
1515 3495 1586 3561 quud
1604 3498 1748 3567 ιμφατικῶς
1760 3495 1828 3550 diets

1021 3567 1158 3623 Arnobius
1174 3566 1296 3620 indicans
1311 3573 1429 3629 statum,
1442 3563 1626 3619 euriditienear
1651 3565 1825 3631 ancillarum,

1021 3653 1083 3763 que
1093 3648 1150 3693 erut
1167 3636 1336 3692 humiliaret
1350 3635 1492 3704 abjectior,
1507 3650 1587 3705 quam
1602 3648 1742 3690 serrorum
1758 3648 1824 3689 ceu·

1041 3708 1099 3763 itio.
1114 3708 1217 3763 Oasin.

1058 3777 1213 3832 Pauiduude
1228 3775 1407 3843 trepidatione.
1423 3775 1577 3844 Eleganter.
1594 3774 1639 3833 Sic
1661 3778 1690 3832 τὸ
1713 3777 1824 3850 ἀθαρσὲς

1022 3854 1065 3904 και
1081 3849 1324 3921 καταπεπληγμένον
1342 3845 1408 3900 dicit
1428 3846 1589 3901 Plutarchus
1602 3848 1629 3900 ln
1642 3846 1717 3899 Nicia
1733 3864 1739 3898 ε
1759 3847 1824 3900 riaru-

1021 3918 1093 3979 datur·
1114 3917 1140 3974 δι’
1160 3922 1205 3974 uui
1224 3920 1352 3993 Φρύνιχος
1371 3919 1401 3972 τὸ
1422 3919 1532 3978 ἀθαρσὲς
1554 3920 1635 3973 αὐτοῦ
1647 3919 1692 3972 ucri
1708 3938 1823 3973 καταπε-

1019 3990 1161 4062 πληγμένον
1174 3992 1199 4045 ἐν
1212 3992 1324 4049 τούτοις·

1148 4079 1174 4134 itu
1185 4095 1220 4146 γάρ
1230 4094 1307 4141 scitisne
1317 4093 1386 4141 ἆγιιις
1396 4095 1428 4139 ὥς,
1438 4086 1504 4131 cei-oid·
1515 4096 1555 4143 ίγὼ,

1145 4157 1195 4206 tte'rp
1202 4155 1298 4205 ιιιαιιγιις
1309 4151 1394 4201 ιδὰδιζιι
1405 4157 1465 4206 &exsp
1475 4157 1545 4200 Νικίας.
1624 4139 1733 4192 HERALD.

1055 4251 1136 4316 Quem
1162 4252 1300 4320 suspectio.
1331 4252 1367 4305 lta
1388 4251 1537 4306 Salmasius
1564 4265 1598 4305 ex
1630 4248 1820 4306 emendatione

1017 4321 1137 4387 uenisti,
1153 4324 1314 4378 rectissime.
1328 4322 1394 4377 Nam
1404 4322 1564 4393 suspicerciu
1575 4321 1821 4391 ueneratieuepro·

1018 4399 1118 4464 prium.
1133 4392 1186 4448 alut
1202 4410 1209 4447 r
1223 4410 1295 4463 quem
1308 4394 1445 4462 susceptio.
1460 4395 1563 4448 desan.

976 4463 1004 4524 D
1052 4463 1121 4520 utu.
1132 4493 1168 4505 -
1181 4463 1298 4520 Gaudos
1311 4466 1342 4519 dc
1355 4465 1472 4537 [astibus.
1492 4463 1532 4520 De
1543 4461 1672 4531 abundat,
1688 4463 1821 4536 utsaepis·

1014 4535 1084 4591 sitne
1097 4550 1141 4605 ap.
1154 4543 1288 4592 nostrum.
1303 4535 1406 4593 uacus.

1058 4605 1102 4660 tet
1114 4623 1178 4676 quas
1190 4608 1227 4663 cis
1237 4609 1385 4662 eratiueutias
1403 4607 1531 4662 accedere.
1545 4607 1584 4663 lta
1593 4606 1678 4662 Fuit.
1690 4605 1816 4663 Ursinus.

1015 4676 1070 4732 ttlu
1084 4696 1091 4730 ε
1107 4677 1210 4744 addere,
1225 4678 1305 4734 male.
1320 4678 1421 4734 Onam.

1053 4749 1193 4804 Sacrorum
1218 4765 1250 4803 eu
1273 4749 1481 4820 consectionibus.
1509 4749 1573 4805 Haec
1599 4758 1641 4804 est
1663 4747 1818 4805 emendatio

1016 4818 1125 4875 llcnrsii
1139 4819 1278 4875 verissima
1290 4830 1317 4875 et
1328 4822 1449 4889 proxime
1461 4820 1593 4882 accedeus
1607 4819 1640 4873 ad
1656 4819 1816 4886 scripturam

1015 4889 1116 4945 codicis
1131 4908 1137 4942 :
1153 4889 1363 4960 conductionibus.
1381 4890 1450 4946 atti:
1465 4890 1653 4945 collationibus.
1665 4887 1816 4944 Scriverius

1016 4975 1061 5032 ap.
1075 4960 1173 5016 blettrs.
1190 4961 1216 5015 iu
1234 4959 1358 5031 append.
1374 4960 1476 5014 mavult
1490 4959 1689 5014 collectionibus.
1711 4957 1814 5014 Ourna.

1053 5031 1169 5087 Mortuis
1183 5033 1293 5098 alicuius
1309 5031 1435 5086 obtetieue
1452 5031 1570 5085 mactari.
1585 5029 1654 5087 uide
1681 5043 1762 5100 supra
1780 5029 1816 5086 ad

1016 5102 1063 5158 lib.
1079 5119 1097 5168 ι,
1112 5118 1172 5174 cap.
1185 5103 1230 5159 ιι.
1246 5101 1348 5159 aaran.

1054 5173 1138 5229 Home
1151 5191 1209 5229 uere
1221 5175 1374 5244 sublimior,
1390 5182 1441 5231 ete.
1458 5173 1521 5230 flacc
1535 5188 1551 5229 ο
1565 5187 1616 5229 tus.
1639 5186 1697 5244 teg.
1713 5169 1817 5240 addidit

1014 5244 1158 5301 ilenrsius.
1173 5244 1276 5302 uarat.

1050 5336 1110 5390 XV.
1127 5368 1162 5377 -
1180 5339 1244 5392 (ium
1275 5340 1352 5393 etium
1376 5338 1460 5393 celere
1490 5339 1605 5392 boutiues
1631 5337 1817 5408 poteutioribus

1012 5408 1185 5478 acceperimus
1207 5410 1331 5475 imperiis.
1358 5408 1433 5464 Fulr.
1458 5408 1572 5465 Ursinus
1598 5408 1721 5464 mavrrlt:
1747 5404 1812 5461 Cum

1012 5481 1090 5534 ctiam
1124 5479 1207 5533 celere
1241 5480 1355 5535 domines
1383 5481 1533 5548 potentioris
1565 5480 1735 5562 acceperimus
1759 5479 1811 5531 iur-

1011 5552 1087 5621 perii.
1100 5549 1178 5604 blule.
1190 5549 1292 5606 Sensus
1307 5560 1363 5606 cst:
1378 5567 1435 5605 cunr
1448 5567 1495 5605 aes
1508 5549 1519 5623 i
1531 5550 1697 5618 Cltristtanil
1720 5558 1812 5618 peteu-

1010 5621 1118 5676 tioribus
1130 5621 1244 5689 imperiis
1259 5622 1332 5705 qliae
1347 5631 1388 5677 est
1403 5621 1527 5692 imperio,
1540 5620 1617 5692 jussu
1641 5620 1810 5689 potentioris,

1009 5692 1053 5747 dei
1068 5693 1126 5746 scil.
1144 5692 1186 5746 ael
1208 5691 1329 5761 Christi)
1344 5695 1525 5764 acceperimus,
1542 5695 1656 5748 bouriurs
1673 5706 1810 5763 quterram·

1009 5779 1058 5835 que
1070 5764 1189 5821 retrrtdes
1202 5780 1268 5822 erae.
1283 5763 1386 5821 desua.
