4150 6250
177 356 231 415 sto
837 367 940 426 bibon
959 369 1117 432 TERTIUS.
1779 388 1834 449 llo

177 473 259 530 modo
269 472 376 531 illorum
387 475 539 546 polluerent
551 474 718 550 dignitatem,
732 482 780 540 sed
792 485 904 544 minime
914 488 974 545 illos
990 495 1163 563 Asenatuni,
1191 497 1350 564 aboleantur
1371 509 1401 555 rit
1421 500 1481 558 linc
1503 502 1611 574 scripta,
1635 504 1733 576 quibus
1760 508 1832 569 cliri-

176 584 239 626 esse
264 569 440 641 qualitatibus
467 574 674 643 comprobarent
701 577 844 649 adjunctis.
874 583 978 640 duduci
1031 590 1118 645 stiana
1138 590 1235 662 religio
1250 595 1449 665 comprobetur,
1467 605 1494 650 ει
1508 597 1649 653 vetustatis
1663 601 1832 671 opprimatur

177 662 249 717 enim
266 677 383 733 primum
403 662 454 720 lioc
470 676 497 719 ut
521 667 663 725 credamus
676 686 728 725 non
750 687 892 741 possumus
905 692 912 730 τ
926 678 977 730 im·
1030 683 1193 739 aiieroiinst
1206 686 1360 754 Quinimmo
1372 688 1394 742 si
1406 686 1489 744 ilditis
1500 690 1669 760 exploratum
1681 709 1729 749 ros
1740 694 1832 755 dicere

176 755 319 811 mortalem
332 754 405 810 ittam
417 760 719 833 praestantissimamque
730 773 852 821 naturam
864 767 977 824 diuisam

176 863 240 905 esse
255 864 410 919 persoluto,
426 862 453 906 et
468 866 529 908 esse
544 849 646 925 purte'in
662 872 743 912 nnrini
759 876 857 926 mares,
873 872 976 933 partein

174 956 238 997 esse
262 943 376 997 alteram
398 942 523 1000 lominus.
546 946 631 1015 Quem
654 950 762 1020 qnidcni
786 954 875 1011 locum
897 958 978 1027 plene

172 1036 333 1107 jamdudum
350 1038 473 1094 liomines
487 1042 604 1110 pectoris
617 1044 681 1112 riri,
702 1056 755 1101 tain
771 1049 890 1105 romanis
902 1050 976 1107 litte·

174 1132 213 1187 ris
226 1132 407 1201 explicavere,
421 1149 500 1203 quam
513 1137 629 1205 graecis:
645 1148 671 1193 et
685 1149 747 1196 ante
759 1156 854 1198 onmes
867 1142 976 1201 Tullius

175 1223 282 1279 romani
301 1223 498 1281 disertissimus
511 1230 628 1297 generis,
644 1232 745 1287 millaio
759 1234 860 1291 veritus
873 1238 972 1308 iuipie·

175 1316 238 1371 tatis
257 1316 398 1382 iuvidiam,
419 1321 546 1391 ingenue,
567 1332 733 1392 constanter,
754 1335 780 1382 et
800 1328 893 1394 libere,
911 1330 974 1400 quid

173 1421 257 1478 super
278 1408 323 1463 tali
347 1408 502 1479 opinatione
522 1413 644 1479 sentiret,
665 1415 766 1484 pietate
788 1433 849 1473 cum
873 1421 976 1491 maiore

174 1501 347 1565 monstrarit,
363 1517 377 1555 ι
393 1517 448 1573 quo
462 1503 484 1558 si
498 1517 541 1560 res
556 1518 664 1564 sumere
674 1508 769 1577 judieii
783 1513 896 1569 ueritate
909 1529 975 1571 con·

173 1592 300 1664 scriptas,
324 1607 377 1648 non
398 1595 541 1651 verborum
563 1598 723 1656 loeiilentias
739 1607 898 1674 pergeretis,
912 1622 973 1677 per·

172 1696 248 1740 urata
273 1695 344 1742 esset
369 1688 427 1742 bac
450 1702 531 1744 causa
548 1705 555 1744 :
572 1705 622 1748 nee
644 1694 787 1763 secundas,
813 1707 841 1754 ut
863 1698 971 1772 dieitur,

1029 773 1175 844 quidqnain
1191 775 1226 833 de
1246 777 1298 832 iliis
1319 780 1426 848 restris,
1442 782 1542 837 erroris
1554 784 1707 840 cuniincite
1720 786 1830 846 Cicero·

1031 879 1104 933 nem,
1123 868 1266 923 temeraria
1279 880 1306 925 et
1323 870 1403 940 impia
1425 872 1494 927 dicta
1516 888 1545 927 re
1568 871 1722 941 refellitote,
1737 877 1830 932 redar-

1029 957 1114 1027 guite,
1129 960 1287 1028 reprobate.
1309 960 1376 1016 Nam
1394 963 1555 1032 intercipere
1569 965 1681 1036 scripta,
1696 975 1723 1022 ει
1742 968 1830 1039 publi·

1028 1060 1115 1105 earam
1136 1052 1206 1109 velle
1225 1054 1398 1127 submergere
1413 1057 1568 1124 lectionem,
1582 1073 1634 1114 non
1648 1069 1690 1116 est
1702 1059 1768 1117 deos
1783 1063 1830 1119 de·

1028 1141 1152 1210 Tendere,
1167 1147 1214 1202 sed
1230 1150 1349 1204 veritatis
1365 1150 1580 1209 testificationem
1595 1155 1700 1212 timere.

1065 1235 1132 1293 Vlll.
1155 1241 1194 1294 ilc
1210 1255 1244 1295 ne
1260 1249 1349 1296 tamen
1363 1252 1390 1298 et
1404 1245 1481 1300 nobis
1501 1244 1716 1303 inconsideratus
1731 1248 1829 1320 aliquis

1027 1328 1188 1384 calumniaiii
1205 1342 1322 1401 moueat,
1343 1342 1478 1406 tamquam
1494 1338 1587 1403 Deum,
1604 1354 1684 1410 quem
1702 1342 1827 1412 collinus,

1027 1437 1129 1477 marem
1143 1438 1204 1479 esse
1219 1428 1381 1482 credamus:
1396 1443 1427 1483 ca
1441 1430 1545 1485 scilicet
1558 1445 1651 1500 causa,
1667 1433 1826 1502 quodcum,

1026 1531 1087 1570 cum
1109 1517 1255 1587 loquimur,
1271 1523 1475 1589 pronuntiamus
1489 1538 1589 1594 genere
1603 1526 1771 1606 masculino:
1786 1527 1829 1583 ln·

1027 1606 1130 1679 telligat
1144 1624 1197 1664 non
1212 1624 1321 1677 serium,
1333 1613 1379 1667 sed
1391 1629 1451 1677 usu,
1464 1625 1490 1670 et
1501 1615 1682 1672 familiaritate
1693 1619 1828 1674 sermonis

1025 1699 1233 1770 appellationem
1255 1702 1329 1772 ejus,
1352 1714 1380 1758 et
1401 1703 1632 1773 signiueanuame
1647 1708 1744 1778 promi.
1766 1708 1829 1764 Non

171 1778 293 1834 actiones
306 1779 384 1836 nobis
397 1780 433 1835 ab
447 1779 593 1837 infantibus
608 1787 764 1854 postularet.
1025 1795 1099 1850 enim
1111 1794 1179 1849 dens
1190 1809 1248 1849 nias
1261 1807 1312 1861 est,
1324 1795 1371 1851 scd
1383 1811 1480 1852 nomen
1494 1799 1551 1868 ejus
1564 1801 1672 1869 generis
1685 1801 1827 1856 masculini

206 1867 265 1925 llll.
288 1869 341 1927 Sed
363 1870 427 1943 quid
446 1875 557 1944 aucupia
573 1876 727 1948 verborum,
744 1881 970 1958 splendoremque
984 1906 1008 1968 B
1022 1898 1065 1946 est
1079 1906 1085 1942 :
1100 1886 1172 1959 qnod
1194 1888 1266 1943 idern
1287 1903 1337 1944 ros
1355 1888 1447 1946 dicere
1467 1892 1596 1962 religione
1616 1892 1644 1948 in
1664 1902 1754 1949 restra
1771 1909 1825 1950 non

170 1963 307 2019 sermonis
328 1964 382 2034 peti
403 1965 437 2020 ab
457 1965 509 2021 boc
530 1968 630 2034 dicam,
650 1985 711 2026 cuin
730 1974 812 2030 seiam
835 1992 967 2036 essenon
1021 1979 1199 2054 quinetiam
1218 1982 1371 2038 consuestis
1386 1984 1411 2038 in
1429 1984 1563 2054 precibus,
1586 1985 1644 2042 sive
1658 1997 1684 2042 tu
1700 1985 1767 2042 deus
1783 2000 1825 2054 es,

170 2069 282 2126 paucos,
298 2056 343 2125 qui
357 2066 518 2114 aversentur
532 2068 559 2115 et
573 2060 674 2130 fugiant
689 2063 772 2122 libros
786 2067 819 2124 de
832 2069 883 2125 boc
897 2071 966 2143 ejris,
1022 2078 1079 2133 sire
1093 2064 1282 2146 dea,'dicere:
1297 2093 1357 2148 quae
1369 2077 1547 2134 dubitationis
1561 2079 1684 2148 exceptio
1698 2078 1764 2136 dare
1777 2094 1826 2135 ios

83 2135 88 2144 ’
168 2164 220 2205 nec
240 2150 265 2203 in
288 2165 381 2206 aurem
397 2150 481 2206 velint
496 2150 640 2211 admittere
653 2157 796 2216 lectionem
810 2163 967 2234 opinionum
1021 2170 1074 2227 diis
1096 2187 1190 2227 sexum
1216 2170 1397 2241 disjunctione
1421 2187 1455 2226 ει
1478 2172 1536 2241 ipsa
1562 2171 1692 2227 declarat.
1721 2171 1826 2230 Adduci

168 2255 278 2296 suarum
294 2252 456 2314 praesumpta
468 2244 637 2302 vincentem?
651 2263 768 2323 cumque
780 2255 848 2312 alios
859 2258 966 2314 audiam
1021 2279 1087 2334 crgo
1108 2280 1162 2319 nori
1182 2278 1343 2334 possumus,
1369 2271 1398 2318 ut
1422 2278 1537 2335 corpora
1562 2265 1703 2322 credamus
1730 2265 1822 2322 deutri.

168 2334 312 2391 mussitare
322 2334 502 2407 indignanter,
516 2345 543 2394 et
556 2336 648 2397 dicere
663 2359 670 2397 ε
685 2356 811 2416 oportere
825 2352 904 2406 statui
918 2367 967 2423 per
1020 2353 1115 2412 llamb
1140 2369 1252 2411 neeesse
1273 2364 1315 2411 cst
1336 2369 1460 2428 corpora,
1483 2356 1506 2411 si
1526 2364 1590 2413 sunt
1613 2371 1703 2414 mares
1726 2372 1758 2413 ιε
1780 2356 1824 2416 se·

776 2472 969 2534 abusiones
988 2478 1195 2538 lentiores.

199 2549 214 2580 ¹¹
230 2546 437 2613 significationem
447 2570 493 2609 nu.

1051 2571 1066 2612 b
1084 2573 1116 2625 ιιι
1128 2575 1201 2628 Folo.

827 2654 1109 2719 COMMENTARIUS.

165 2733 205 2791 lta
218 2736 289 2795 edidi
302 2755 335 2798 ex
351 2743 540 2803 emendatione
553 2745 672 2804 lleraldi.
688 2747 740 2805 ulti
753 2752 964 2878 euuigroboren'r.

203 2881 266 2937 Erre
279 2895 376 2954 portem
390 2906 467 2944 unum
480 2907 571 2950 marea.
586 2901 683 2962 purtem
693 2908 747 2948 erse
760 2840 965 2969 atter-illuserin-

165 2967 222 3008 trtto.
240 2954 401 3015 Prudentius
413 2966 472 3038 περι
485 2966 612 3036 Στεφάνων
624 2982 631 3018 :

261 3069 349 3133 iubes,
363 3073 455 3125 relictis
467 3077 542 3139 patris
553 3083 580 3127 et
591 3076 679 3129 Christi
692 3081 776 3139 sacris,

260 3132 293 3182 Ut
304 3145 384 3185 tecum
400 3136 500 3187 adorem
512 3139 615 3190 feminas
624 3142 692 3191 mille
702 3155 837 3205 ornares,

258 3195 328 3246 Deos
338 3198 457 3263 deasque,
467 3200 551 3264 deque
560 3216 624 3251 seru
635 3202 727 3265 duplici

259 3256 343 3317 Natos,
356 3269 469 3323 nepotes,
482 3263 546 3313 abne
564 3270 629 3325 oles,
642 3267 723 3316 editos

255 3320 292 3370 ile
301 3330 337 3372 tot
345 3330 487 3388 stuprorum
498 3278 621 3376 sarclidam
634 3330 780 3392 prosapiam,
791 3337 837 3382 ete.

164 3423 240 3481 (loni.
256 3426 389 3495 Lactant,
405 3429 451 3487 lib.
466 3447 485 3495 i,
499 3448 559 3497 cap.
577 3432 619 3488 16.
643 3434 765 3490 Eeusun.

201 3497 325 3555 Horainee
338 3502 445 3570 pectoris
458 3503 516 3556 riui.
531 3503 559 3559 ld
574 3514 623 3571 est,
643 3504 766 3561 liomines
781 3506 880 3579 ingenii
898 3526 963 3580 per-

163 3570 277 3637 spicacis
291 3581 318 3626 ct
329 3571 423 3639 iudicii
442 3573 528 3629 liberi.
552 3575 588 3628 lta
609 3575 687 3640 l‘liu.¹
707 3575 817 3646 Paneg,
833 3595 892 3648 cap.
908 3581 963 3647 lt,

163 3640 203 3710 §o
217 3659 223 3695 ι
237 3643 490 3698 ιιιιιιιιιιιιιιιιιιιιιιι
499 3646 601 3712 molunt,
614 3651 697 3701 rector
709 3659 733 3702 et
744 3650 839 3704 rioldus
849 3655 959 3720 orirerur,

163 3711 208 3766 nbi
219 3712 274 3766 viil.
286 3716 413 3769 Ariitzen.
425 3713 509 3781 blein,
523 3718 568 3771 lib.
580 3733 637 3781 ιιιιι,
650 3720 728 3785 epist.
745 3735 783 3784 ri,
794 3732 863 3775 extr.
876 3723 962 3788 :Scio,

163 3799 240 3851 quem
254 3785 287 3837 ιιι
301 3786 347 3839 tibi
359 3787 429 3841 oloris
442 3796 464 3840 et
477 3789 601 3854 ingenuus
615 3790 733 3856 riulione,
748 3793 792 3845 nbi
809 3802 898 3848 taiieu
915 3811 965 3847 nii·

162 3869 244 3920 perus
257 3856 345 3910 editor
357 3855 458 3924 Gierig.
474 3859 556 3912 edidit
569 3876 651 3912 verrii.
668 3861 747 3914 etum
764 3865 887 3931 exempta
904 3865 962 3919 eol·

161 3923 224 3993 tego
240 3925 265 3979 l.
282 3927 326 3982 Fr.
341 3926 502 3991 Grotiurius,
514 3929 606 3996 bose,
622 3930 668 3984 tto.
682 3947 720 3996 iu,
733 3944 793 3999 cap.
810 3933 835 3987 l.
858 3934 960 3990 Oasin.

165 3995 299 4122 CaTullius
322 4002 422 4053 roninui
443 4000 622 4055 disertissimus
634 4006 743 4072 generis,
758 4011 811 4059 eto.
826 4003 959 4074 Catullus,

204 4083 280 4124 einen
297 4085 375 4131 xcix,
392 4072 404 4126 ι
421 4090 427 4125 :

254 4161 424 4214 Disertissime
436 4163 532 4215 Romuli
544 4173 671 4229 nepotum,

257 4229 322 4284 beret
332 4235 399 4287 sunt,
408 4232 517 4290 quotque
526 4227 609 4289 luere,
619 4228 701 4279 llarce
714 4225 788 4278 Tulli.

787 4312 898 4364 Eiimnu.

1058 2756 1183 2823 Oporrrre
1205 2760 1285 2814 sterni
1307 2775 1353 2823 per
1373 2766 1506 2823 cenetam,
1529 2756 1690 2822 aboleantur,
1715 2766 1744 2811 ut
1767 2756 1822 2812 linc

1019 2830 1128 2898 scriptu.
1144 2841 1197 2886 etc.
1216 2831 1270 2886 lloe
1285 2832 1356 2885 enini
1372 2830 1452 2885 tiebat
1467 2844 1500 2885 eii
1516 2828 1676 2883 summitate
1696 2837 1820 2894 senatus,

1019 2900 1081 2955 vio.
1100 2900 1189 2955 Vriler.
1215 2900 1298 2966 llas..
1316 2903 1362 2956 lib.
1387 2919 1407 2964 i,
1435 2916 1496 2971 cap.
1513 2906 1549 2966 ι,
1575 2897 1657 2972 §lh
1685 2898 1819 2982 laetam..

1019 2971 1076 3027 lust
1103 2988 1121 3034 l,
1138 2988 1198 3043 cap.
1214 2973 1265 3031 ιιι
1279 2973 1308 3028 S.
1325 2973 1480 3040 Aiigristin„
1496 2970 1531 3027 ile
1543 2969 1601 3026 Cir.
1618 2972 1680 3032 liei.
1701 2969 1747 3026 lib.
1771 2987 1819 3027 iiii.

980 3060 1003 3124 C
1018 3057 1079 3112 cap.
1093 3044 1140 3106 bl,
1154 3045 1242 3115 ibique
1255 3043 1287 3099 L.
1303 3043 1384 3099 lii-es
1407 3053 1434 3097 et
1452 3043 1634 3098 liliiienliurst.
1649 3042 1682 3096 ad
1695 3040 1767 3097 lione
1779 3041 1820 3097 lo-

1018 3130 1091 3170 ciini.
1105 3114 1208 3179 Oasin.
1220 3147 1257 3157 -
1269 3117 1340 3185 Ergo
1355 3115 1413 3171 lieri
1441 3125 1550 3185 potest,
1574 3124 1603 3168 ut
1623 3112 1819 3183 superstitiosis

1017 3186 1061 3241 liis
1080 3188 1197 3242 eitiiiicis
1216 3188 1361 3253 ueneamr,
1387 3185 1459 3257 quod
1483 3186 1595 3241 mutilus
1610 3185 1643 3240 sit
1669 3186 1765 3267 tertius
1784 3185 1820 3240 de

1015 3256 1078 3312 Nat.
1093 3258 1204 3313 deorum
1217 3258 1433 3314 liberritanae
1446 3267 1535 3312 tarnen
1548 3256 1697 3317 uietioulnsi
1709 3255 1817 3339 quiriani

1016 3328 1163 3384 Cirristioui
1181 3330 1230 3384 liae
1245 3333 1323 3398 culpa
1346 3345 1398 3385 riou
1419 3328 1526 3384 inerunt
1540 3329 1682 3382 iuimunes.
1699 3326 1757 3381 Nun
1771 3327 1818 3382 alii

1016 3410 1100 3464 certe,
1124 3417 1203 3470 quiam
1228 3401 1254 3457 bi
1280 3402 1380 3456 inultos
1404 3415 1457 3456 nis.
1482 3399 1558 3454 alib.
1589 3413 1618 3462 u,
1641 3412 1701 3481 cap.
1730 3397 1757 3465 b,
1782 3399 1818 3453 ad

1016 3484 1076 3594 cbip.
1095 3473 1140 3537 53,
1153 3488 1263 3529 iiiancos
1276 3472 1429 3529 reddidere.
1448 3472 1558 3536 Daris,
1580 3471 1614 3522 eei
1634 3469 1688 3523 Cre.
1703 3467 1735 3523 de
1750 3466 1816 3524 [let.

1054 3612 1157 3669 Errorir
1172 3615 1310 3670 conrincite
1323 3615 1485 3679 Ciceronem,
1500 3610 1634 3665 temeraria
1648 3620 1673 3665 et
1684 3611 1770 3695 impie·
1776 3612 1817 3665 di·

1016 3694 1088 3739 ctooe
1113 3686 1266 3757 refellitote,
1294 3687 1461 3759 redarguite,
1487 3680 1629 3751 reprobate.
1656 3680 1694 3736 lta
1724 3685 1816 3738 editor

1015 3755 1093 3810 Leid.
1109 3773 1124 3810 e
1137 3757 1198 3811 end.
1216 3773 1266 3811 iiis.
1284 3758 1334 3812 nisi
1349 3755 1420 3826 quod
1437 3755 1601 3810 membrana·
1616 3767 1665 3835 pro
1679 3753 1816 3838 refellitote

1016 3826 1118 3883 liabent
1131 3827 1256 3893 refellite,
1270 3828 1340 3896 qnod
1355 3826 1483 3883 Gelenius
1498 3827 1534 3880 ιιι
1549 3834 1675 3878 titulavit:
1691 3822 1814 3877 Temere·

1015 3899 1055 3951 rio
1079 3910 1101 3951 et
1120 3900 1200 3966 impio
1220 3898 1289 3953 dictu
1310 3897 1464 3969 refellitote,
1487 3896 1649 3964 redarguite,
1670 3896 1813 3977 reprobate.

1016 3969 1185 4024 Stewecbius
1197 3979 1285 4025 utitem
1298 3971 1387 4026 trierim
1402 3970 1520 4023 luxatum
1533 3965 1661 4030 credens,
1675 3977 1710 4020 ua
1723 3964 1815 4036 dispo-

1015 4040 1068 4095 suit
1082 4059 1088 4094 z
1106 4038 1211 4094 Errorir
1224 4038 1366 4095 eoneincite
1378 4037 1542 4099 Ciceronem,
1557 4036 1707 4107 refellitote,
1721 4039 1811 4091 reclar-

1014 4112 1100 4181 quite,
1116 4113 1253 4167 terrereriu
1268 4123 1291 4167 ct
1306 4114 1386 4184 inrpiu
1406 4114 1525 4164 dictitare
1545 4108 1725 4190 comprobate,
1740 4108 1813 4193 qood

1014 4183 1092 4237 valilc
1114 4183 1216 4253 placer,
1240 4194 1268 4239 ct
1288 4184 1332 4238 iix
1354 4182 1418 4238 milii
1435 4192 1586 4249 temperare
1601 4188 1691 4249 potui,
1706 4195 1770 4251 quiri
1784 4196 1813 4236 iii

1015 4262 1116 4310 textrini
1130 4257 1286 4326 reciperem.
1302 4253 1404 4312 Οιιιι.
1717 4321 1723 4335 .

1052 4324 1117 4380 t'ttl.
1144 4356 1179 4366 -
1208 4327 1277 4380 Nurn
1304 4326 1442 4381 conserentis
1472 4324 1500 4378 itt
1534 4322 1667 4392 precibus,
1701 4338 1752 4377 true
1784 4330 1812 4379 ιιι

160 4387 295 4445 Caeterum
316 4391 367 4448 lioc
385 4393 493 4450 citatum
507 4410 523 4450 e
537 4396 625 4467 eapite
646 4395 786 4465 deperdito
804 4398 874 4451 tertii
900 4397 959 4454 libri
1013 4394 1084 4453 oeus
1103 4413 1147 4463 er,
1169 4399 1221 4452 rire
1240 4396 1314 4465 oea,
1329 4400 1422 4453 dicere.
1439 4395 1475 4449 lia
1490 4395 1645 4479 eoicndaiit
1658 4394 1689 4448 L.
1705 4392 1810 4478 Carrio,

161 4460 301 4518 Ciceronis
312 4465 344 4518 de
352 4464 452 4521 Natura
462 4466 585 4527 deorum,
598 4468 630 4521 ml
642 4468 744 4523 calcem
754 4468 880 4525 editionis
890 4483 957 4538 snae,
973 4458 1001 4519 D
1014 4466 1165 4532 uniendo,
1192 4469 1237 4524 lib.
1261 4485 1290 4532 i,
1314 4470 1370 4525 cll
1392 4469 1418 4524 in
1440 4465 1568 4535 Lainpad.
1592 4466 1657 4523 Crit.
1682 4464 1810 4531 Gruteri,

161 4547 222 4603 pag.
239 4535 304 4598 325,
319 4536 413 4605 rejecit
428 4538 557 4592 llarisiiis.
579 4537 680 4594 Oneon.

203 4603 339 4659 Verborum
353 4608 514 4664 luculentius.
528 4608 557 4663 ld
572 4623 624 4670 cst,
640 4610 772 4665 uerborum
786 4611 902 4679 luminu,
920 4614 961 4668 ιιι·

160 4683 237 4733 tores.
254 4678 418 4744 spleridorer,
434 4690 461 4733 ut
478 4681 595 4749 explieat
609 4681 745 4736 Gesnerus
762 4687 788 4735 iii
804 4682 959 4749 Tliesauro,

160 4748 205 4815 qni
221 4760 343 4802 timii-inii
356 4751 443 4804 locum
459 4750 594 4807 adducens
614 4752 683 4808 liano
701 4767 794 4808 iucem
808 4754 872 4808 citat
889 4763 959 4809 tain-

161 4832 241 4888 quottt
256 4820 324 4886 ἅπαξ
334 4821 583 4895 lepbpiaiioa.01ttltt.

198 4889 326 4945 Perorutu
337 4906 398 4946 esset
410 4893 463 4948 lioec
474 4911 561 4948 curren.
574 4894 626 4951 illii
640 4912 647 4948 t
662 4893 786 4950 Perorotu
798 4904 862 4950 esset
872 4905 895 4952 et
905 4897 959 4952 lioee

160 4961 957 5037 curiiu.SeilsequorDavisiumdeleiitenicripiilamet.qnam

162 5032 236 5086 reilii
252 5035 428 5102 prmeedcntis
440 5047 504 5091 erret
517 5037 647 5107 repetitus
663 5037 722 5090 linis
737 5041 896 5105 procreauit.
907 5040 956 5095 οιι.

200 5103 256 5158 Nee
270 5107 403 5166 secundos.
420 5117 448 5160 ut
463 5108 564 5175 dicium,
581 5109 693 5162 uellerea
713 5109 785 5163 nobis
806 5108 837 5162 ab
851 5111 960 5179 infanti-

160 5178 207 5231 bus
218 5178 367 5247 postularet.
379 5185 429 5239 τὴν
441 5177 637 5257 baarepolepbn,
652 5194 715 5248 qua,
728 5180 751 5234 si
765 5180 828 5250 quid
843 5196 858 5234 a
872 5182 958 5252 primo

159 5258 261 5312 ociore,
277 5250 329 5304 ὑπὸ
342 5256 389 5304 τοῦ
410 5256 715 5326 πρωταγωνιστήσαντος,
730 5255 860 5305 omissuro
880 5261 955 5319 erat,

159 5319 276 5374 addebat
296 5320 310 5375 ὁ
329 5318 567 5397 διιτιραγωνιστὼν
584 5324 661 5396 n'pooa
679 5321 874 5399 διυτιροιιγῶν.
903 5322 957 5378 tle-

159 5388 363 5446 iiia-tumn
373 5398 404 5445 ab
415 5394 566 5462 inflantibus,
583 5395 642 5448 scil.
659 5395 680 5447 si
695 5409 744 5447 coi
759 5410 883 5450 iniremus
895 5402 956 5450 cuni

158 5460 292 5517 Cicerone
306 5461 487 5518 itomammm
502 5464 733 5535 eloquentissimo.
754 5463 856 5520 Onsuu.

195 5532 241 5587 Sic
262 5534 382 5658 mentitio.
407 5536 518 5605 ltroprio
540 5550 620 5591 sensu
644 5536 758 5603 legimns
781 5538 861 5590 etiarn
886 5537 956 5606 apud

157 5601 269 5659 Cornel.
309 5616 460 5664 roiitonetn.
477 5607 523 5661 tib.
540 5608 594 5662 iile
612 5606 786 5661 Orationibus
801 5622 876 5677 opp,
896 5624 954 5677 pag,

157 5673 223 5736 225.
238 5676 302 5729 eilit.
319 5678 413 5746 angeli
436 5678 494 5732 itan
508 5696 514 5731 ι
530 5676 595 5731 Turn
616 5678 639 5731 ri
653 5678 798 5749 eligendum
811 5679 844 5732 rit
859 5720 865 5747 ,
882 5680 956 5752 longe

158 5745 284 5817 longeque
297 5747 466 5816 eloquentium
478 5749 595 5818 infantior
604 5753 723 5819 prefero.
761 5749 864 5805 Oneon.

198 5816 253 5872 ιιι.
267 5847 303 5858 -
324 5817 364 5872 Dr
387 5819 445 5872 tue.
468 5818 496 5875 ld
519 5829 570 5881 est,
596 5832 707 5890 propter
732 5820 794 5886 buc,
815 5830 844 5875 ut
870 5835 952 5895 saepe.

158 5886 222 5943 llid.
236 5888 390 5955 Tiirsellin„
406 5889 441 5945 de
457 5890 598 5945 Partienlis
616 5889 691 5961 ling.
709 5892 755 5947 lar.
777 5892 879 5949 linere.

1013 4540 1067 4592 rol.
1084 4555 1128 4601 iii,
1141 4555 1202 4611 pag.
1218 4540 1279 4596 llb.
1294 4540 1349 4596 Hae
1363 4542 1421 4595 scil.
1444 4540 1573 4601 loriiiula,
1595 4535 1625 4592 Sl
1649 4535 1756 4601 DEUS,
1779 4536 1811 4594 Sl

1014 4609 1099 4672 llEll.
1116 4611 1261 4667 utebantur
1282 4612 1394 4669 Romani
1418 4613 1444 4666 in
1466 4608 1686 4691 precationibus,
1702 4608 1811 4679 quando

1012 4680 1069 4735 sire
1092 4690 1163 4737 terra
1184 4686 1329 4745 inoiisset,
1352 4686 1409 4738 sive
1429 4680 1500 4736 alind
1521 4681 1583 4748 qnid
1603 4681 1761 4762 accidisset,
1775 4679 1811 4735 de

1011 4768 1066 4822 quo
1080 4754 1274 4821 ambigebatur,
1289 4769 1342 4824 qua
1355 4768 1451 4817 eausa,
1466 4756 1597 4823 cujusque
1612 4753 1657 4805 liei
1673 4765 1697 4803 vi
1712 4764 1744 4831 ac
1756 4766 1809 4805 nn·

1012 4824 1085 4879 mine
1099 4825 1223 4880 ellectum
1239 4825 1283 4877 sit.
1304 4825 1361 4879 llid.
1378 4824 1411 4880 A.
1426 4824 1508 4887 (leil,
1527 4822 1604 4877 linet.
1621 4821 1690 4884 bit..
1708 4820 1755 4899 lib.
1772 4835 1807 4887 ii,

1011 4908 1071 4964 cop.
1083 4897 1130 4959 28,
1142 4895 1231 4966 ibique
1244 4895 1363 4951 Groniiv.
1375 4896 1509 4950 Solemnis
1522 4894 1603 4947 ειιιιιι
1619 4890 1743 4975 loriiiula,
1755 4906 1809 4960 qua

1011 4967 1048 5020 dii
1070 4967 1197 5022 tutelares
1220 4968 1325 5020 urbiuin
1345 4965 1548 5022 concitabantur
1560 4980 1576 5018 ε
1589 4962 1744 5042 civitatibus
1758 4976 1808 5030 op-

1011 5039 1173 5108 pugnatione
1192 5037 1303 5101 ciuctis,
1324 5036 1449 5106 ambiguo
1469 5037 1578 5090 nornine
1598 5033 1628 5089 Sl
1649 5031 1755 5096 orbs,
1776 5032 1807 5090 Sl

1010 5108 1095 5175 lilio,
1110 5125 1144 5166 ne
1159 5109 1281 5165 iirlclieet
1295 5108 1375 5162 alinin
1390 5122 1438 5177 pro
1451 5105 1504 5160 allo
1516 5104 1751 5187 noniinandmaut
1764 5119 1808 5161 se·

1009 5194 1074 5233 xum
1086 5180 1285 5245 confundendo,
1298 5180 1362 5234 laisa
1373 5178 1503 5247 religione
1514 5176 1642 5246 populum
1653 5175 1806 5257 alligarent.

1010 5248 1072 5305 Vid.
1087 5252 1204 5309 linerob.
1216 5253 1338 5313 Saturn,
1354 5251 1400 5305 lib.
1413 5265 1440 5305 iu
1451 5290 1459 5315 ,
1472 5263 1533 5317 cap.
1546 5248 1574 5313 9,
1588 5258 1615 5302 ει
1626 5246 1758 5312 Brislon.‚
1772 5246 1807 5304 de

1009 5320 1133 5377 lurionlis
1152 5334 1176 5375 et
1198 5324 1314 5380 solenni.
1330 5321 1396 5391 Pop.
1419 5321 1497 5375 ιιιιιιι.
1510 5319 1609 5374 verbis.
1625 5316 1757 5372 scelerum
1772 5319 1807 5404 de

1009 5393 1124 5447 confuso
1134 5394 1283 5464 saepissime
1293 5394 1362 5464 apud
1377 5395 1502 5462 antiquus
1515 5390 1627 5444 deoruni
1640 5403 1706 5444 seru
1717 5389 1806 5472 (serbi

1008 5477 1089 5518 caiisa
1105 5463 1209 5520 Venere
1224 5481 1297 5520 mare
1311 5475 1339 5521 ει
1352 5465 1466 5527 femina,
1487 5462 1561 5515 buno
1583 5470 1611 5542 et
1628 5457 1722 5545 duno)
1744 5459 1806 5516 uide

1008 5533 1159 5591 llasnnbou.
1181 5550 1208 5591 ei
1227 5536 1342 5591 Salmas.
1363 5536 1396 5590 ad
1417 5533 1481 5591 AElii
1502 5532 1636 5598 Spartiani
1654 5530 1804 5614 benamu,

1007 5620 1067 5676 cop.
1084 5609 1111 5662 ι.
1135 5608 1204 5662 llist.
1229 5611 1316 5677 bug,
1334 5608 1386 5662 iol.
1400 5623 1424 5668 l,
1442 5619 1501 5674 pag.
1517 5602 1569 5685 llll
1588 5616 1683 5672 seqq..
1700 5612 1741 5667 ct,
1757 5618 1804 5671 qui

1007 5692 1056 5733 eos
1072 5679 1180 5734 refutat.
1198 5678 1362 5745 Seldenuin,
1378 5676 1412 5731 de
1430 5676 1484 5730 biis
1499 5674 1592 5745 Syris,
1608 5680 1747 5746 ryiitagm.
1765 5688 1802 5741 ii,
1881 5690 1884 5697 ·

1006 5762 1066 5819 cop.
1083 5749 1118 5809 ἓ,
1139 5766 1200 5821 pag.
1216 5751 1268 5808 ill
1287 5764 1384 5820 seqq:
1405 5745 1471 5802 Coil.
1493 5762 1546 5801 iiis.
1566 5746 1617 5799 siue
1632 5754 1658 5799 tu
1673 5743 1743 5800 Deua
1757 5760 1802 5809 er,

1006 5821 1060 5874 siue
1072 5832 1100 5874 tu
1113 5820 1184 5886 oea,
1200 5823 1279 5878 male.
1293 5823 1396 5876 ιιιιιι..

1007 5948 1010 5953 .
1045 5891 1115 5946 li'eni
1129 5907 1230 5948 neeriae
1241 5904 1278 5948 ert
1290 5908 1415 5964 corporo,
1431 5891 1453 5947 ιι
1470 5900 1529 5950 strat
1545 5908 1629 5951 morer
1641 5908 1672 5949 ue
1685 5892 1801 5966 feririue,
