4150 6250
276 287 346 347 1063
847 266 988 328 danduli
1005 262 1189 324 ADVERSUS
1208 256 1345 323 GENTES
1858 258 1933 319 lbet

274 403 368 471 mille,
384 397 430 471 qui
444 393 608 467 scrupulosae
624 389 772 463 diligentie
791 401 856 445 cora
876 388 903 443 in
919 388 1009 443 iucem
1028 400 1073 441 res
1086 388 1115 453 Α
1126 383 1313 441 immaculatos
1333 376 1552 443 nostrorumst,
1574 372 1622 446 qui
1643 385 1757 431 acervos
1774 373 1863 433 thuris
1883 377 1933 435 dai

277 496 383 555 abditas
397 491 523 547 libertate
535 488 652 559 ingenua
666 483 845 557 protulerunt.
860 482 1017 547 Possumus.
1035 480 1077 534 iii-
1128 473 1342 534 concremandos
1357 470 1431 544 igni,
1447 469 1557 524 numina
1571 465 1747 524 censendusb
1761 475 1806 524 est
1819 469 1933 536 colere,

276 602 367 662 quam,
383 585 405 641 si
416 583 525 654 piacet,
539 589 568 636 et
580 578 655 636 louis
667 593 712 634 res
724 575 833 650 gestasj,
845 586 874 631 ει
886 575 1013 630 llinerrae
1023 588 1073 628 ex·
1128 578 1174 625 aut
1194 567 1283 626 olbcia
1300 566 1375 623 solus
1395 562 1537 634 religionis
1555 559 1679 631 impiere.
1701 558 1797 618 Cultus
1808 576 1892 619 verns
1906 563 1934 620 iu

277 694 405 755 promere
416 678 505 745 belia,
520 674 634 748 uirginis
643 683 672 730 ει
684 672 792 737 lliane3
808 668 905 741 quibus
915 666 985 723 dolis
998 665 1079 721 Liber
1128 669 1239 733 pectore
1251 668 1303 724 εει,
1323 665 1405 727 atque
1418 653 1540 725 opinatio
1552 651 1587 709 de
1601 649 1654 708 diis
1668 650 1771 724 digno;
1787 667 1840 710 nec
1855 652 1935 724 quiq.

278 775 406 833 ludorum
419 769 588 828 affectaverit
601 781 732 839 regnum,
748 762 827 834 cujus
844 760 928 818 luerit
941 757 1078 816 conditio·
1129 767 1209 825 quani
1230 750 1343 821 prodest
1355 747 1440 802 illatio
1453 745 1593 817 sauguinis
1603 753 1633 800 et
1642 743 1770 812 cruoris,
1792 744 1818 800 si
1837 745 1935 802 credas

278 869 322 927 uis
331 867 443 931 Verius,
461 862 539 934 cujus
551 875 662 934 operae,
682 858 760 929 cuius
778 865 898 927 quaestus
914 872 921 909 z
938 852 1079 909 matrimo·
1129 845 1164 903 de
1178 845 1221 901 liis
1234 859 1265 900 ea
1280 858 1341 915 qne
1354 856 1408 897 non
1419 838 1501 895 niodo
1513 838 1568 894 sint
1580 837 1660 909 louge
1673 837 1708 894 ab
1723 852 1818 895 eorum
1836 838 1936 897 dissip.

281 963 356 1018 nium
375 971 472 1029 magua
492 954 569 1026 cuius
593 952 712 1010 tennerit
733 959 834 1015 mater;
858 947 984 1019 quidnam
1008 944 1077 1016 spei,
1131 938 1313 1006 distantiaque
1328 943 1443 1000 natura,
1458 930 1646 1022 verumetiam
1661 929 1771 987 labiset
1786 930 1938 1003 turpitudi-

279 1052 344 1126 quid
358 1047 503 1119 uoluptatis
521 1045 645 1119 specioso
664 1043 699 1101 ab
716 1041 804 1098 dttide
816 1040 980 1111 conceperit.
1003 1034 1080 1094 llude
1131 1031 1174 1087 nis
1188 1028 1298 1099 aliquid,
1313 1037 1341 1084 et
1357 1026 1489 1097 majestati
1503 1037 1599 1080 eorum
1611 1022 1767 1126 concilient,
1784 1033 1814 1081 et
1826 1023 1934 1128 decori,

279 1145 391 1217 Serapis
409 1140 570 1214 AEgyptius‚
594 1136 665 1193 nude
679 1135 743 1201 isis,
765 1132 807 1190 rel
826 1147 860 1190 ex
880 1130 977 1202 quibus
990 1128 1081 1186 causis
1167 1121 1265 1179 xxxi.
1281 1121 1451 1191 interrogare
1465 1118 1539 1174 euim
1552 1130 1602 1172 vos
1615 1115 1691 1183 libet,
1706 1124 1733 1171 et
1745 1114 1779 1171 ad
1791 1129 1939 1173 seimonis

282 1237 429 1314 appellatio
442 1237 499 1307 ipsa
511 1231 670 1290 concinnata
680 1228 717 1286 sit
729 1226 881 1283 nominum.
1132 1218 1224 1290 exigui
1236 1215 1441 1287 responsionem
1450 1225 1561 1278 uocare,
1574 1217 1700 1266 utrumne
1711 1209 1821 1281 gravius
1831 1211 1938 1269 existi.

321 1329 408 1388 xxx.
428 1326 482 1386 Sed
496 1340 550 1383 non
570 1324 649 1380 istam
668 1320 838 1392 suscepimus
850 1318 877 1373 in
892 1329 925 1373 eo
938 1328 1080 1381 sermone,
1133 1311 1212 1368 ruetis
1225 1307 1312 1364 nullas
1324 1306 1432 1364 cedere
1442 1304 1486 1361 bis
1499 1304 1620 1371 hostias,
1636 1301 1700 1374 quio
1714 1311 1790 1374 putes
1801 1313 1935 1360 naturam

282 1441 362 1499 quem
382 1422 516 1487 iacimus,
536 1417 579 1475 iel
599 1414 757 1488 operulam,
779 1412 820 1466 vel
841 1409 1030 1476 uoluntatem,
1051 1415 1083 1462 ut
1133 1412 1235 1460 tantem
1247 1415 1336 1472 neque
1348 1400 1436 1466 velie,
1459 1413 1547 1470 neque
1563 1407 1696 1468 appetere
1710 1396 1795 1464 istas3
1815 1413 1849 1455 an
1863 1399 1935 1455 ulia

283 1515 460 1577 ostendamus
478 1521 506 1569 et
531 1508 716 1582 publicemus,
739 1503 847 1577 quinam
865 1501 965 1559 luerint
978 1498 1006 1555 bi
1024 1514 1082 1556 om·
1133 1498 1168 1555 de
1188 1497 1230 1553 bis
1250 1497 1350 1568 probra
1365 1494 1522 1565 opinionum
1543 1492 1666 1550 foeditate
1685 1490 1853 1562 concipere,
1873 1507 1938 1565 qnae

284 1630 345 1674 nes.
360 1610 428 1668 lllud
444 1607 521 1665 nobis
536 1602 705 1678 propositum
719 1610 774 1669 εει,
789 1608 817 1654 ut
830 1597 955 1669 quoniam
970 1610 1020 1652 nos
1032 1593 1084 1649 im·
1134 1591 1253 1664 cujusvis
1274 1589 1397 1646 animum
1410 1587 1436 1642 in
1456 1586 1566 1642 ultionis
1588 1584 1694 1656 possint
1712 1582 1819 1641 rabiem
1841 1586 1938 1642 conci.

283 1705 344 1780 pios
355 1712 383 1760 et
396 1699 564 1772 irreligiosos
576 1695 690 1762 uocatis,
706 1705 758 1749 ios
771 1698 865 1748 contra
880 1689 961 1760 piosn
975 1694 1003 1743 ct
1016 1684 1083 1742 dee
1135 1684 1216 1740 tarel
1230 1680 1260 1738 Si
1279 1695 1371 1737 rerum
1392 1686 1529 1734 momenta
1543 1676 1713 1747 pendantur,
1733 1674 1838 1737 pullum
1853 1691 1937 1748 repe·

284 1814 344 1856 runi
357 1792 521 1853 contenditis
538 1804 600 1847 esse
612 1787 749 1853 cultores,
775 1784 983 1848 demonstrare,
997 1779 1088 1850 [etque
1101 1780 1126 1842 Β
1140 1775 1194 1831 rias
1206 1784 1260 1830 tom
1273 1771 1395 1829 invidum
1407 1769 1525 1841 judicem
1536 1810 1544 1838 ‚
1558 1768 1604 1839 qui
1616 1782 1672 1824 non
1686 1766 1863 1824 criminosius
1876 1767 1939 1824 eiii·

282 1891 310 1949 in
324 1889 527 1960 mediopouere
539 1883 574 1939 ab
593 1879 748 1937 bominibus
766 1877 852 1947 magis
872 1874 952 1930 nullis
966 1869 1084 1943 ignomi·
1137 1868 1229 1925 stimet
1242 1863 1394 1922 maledictis
1406 1860 1556 1933 insignibus
1565 1859 1717 1933 cujuspiam
1734 1859 1835 1917 burani
1849 1861 1938 1933 carpi,

283 1982 388 2042 niosiiis
402 1993 450 2037 eos
463 1975 594 2042 tractari,
614 1987 694 2044 quam
709 1985 725 2025 n
738 1968 825 2025 iobis.
845 1964 923 2036 Quod
942 1965 965 2021 si
983 1963 1085 2019 babere
1136 1973 1217 2030 quum
1233 1973 1249 2013 a
1266 1970 1401 2030 quoquam
1425 1953 1535 2010 silentio
1553 1950 1697 2024 preteriri.
1718 1951 1775 2008 lios
1791 1953 1863 2010 enim
1881 1952 1942 2011 lor.

283 2096 314 2141 se
326 2081 364 2136 itn
378 2093 413 2134 ex
425 2075 491 2148 ipsis
506 2067 742 2128 maledictionibus
756 2069 908 2134 promptum
923 2067 977 2124 εει,
995 2055 1085 2128 aequi·
1137 2051 1208 2106 sitan
1224 2048 1339 2106 rationis
1352 2044 1505 2105 existimari
1520 2044 1607 2116 possit
1618 2053 1647 2101 et
1658 2043 1754 2111 credi:
1773 2044 1838 2101 illud
1849 2046 1941 2103 saeri-

285 2185 330 2231 tur
342 2178 371 2227 ut
384 2163 498 2236 intelligi
512 2162 611 2218 debeat
623 2172 672 2214 uos
693 2155 800 2227 superis
815 2151 940 2208 stimulos
959 2148 1085 2219 indigna·
1136 2143 1206 2214 legoe
1215 2143 1314 2198 mentis
1324 2150 1378 2209 εει,
1391 2148 1419 2197 ει
1428 2139 1578 2210 desperate
1588 2137 1618 2194 ln
1632 2137 1787 2196 lletiouibus
1795 2140 1942 2198 eeclesiis.

284 2266 389 2322 tioiinm
402 2257 537 2318 furialium
552 2265 740 2317 commonere,
762 2248 875 2320 quitum
891 2243 975 2301 loedas
986 2241 1021 2297 de
1033 2240 1087 2296 illis
1139 2237 1169 2292 lii
1181 2235 1353 2293 ceremoniis
1365 2234 1473 2302 restris,
1490 2234 1626 2305 rebusque
1639 2233 1759 2304 divinis,
1775 2234 1944 2308 postulioni-

282 2357 326 2415 uel
340 2353 456 2420 auditis,
471 2345 661 2412 roboredum,
681 2340 724 2397 vei
737 2337 931 2412 ignominiosas
945 2334 998 2405 ipsi
1011 2345 1088 2388 com·

283 2430 394 2528 pingitis
408 2445 522 2506 tabulas.
548 2440 607 2498 Non
625 2437 698 2495 euim
718 2434 765 2507 qui
784 2431 900 2492 sollicite
922 2425 1036 2498 relegit,
1061 2432 1089 2481 et

1141 2331 1212 2387 liusc
1228 2332 1306 2387 locus
1318 2338 1372 2398 est,
1383 2337 1412 2385 et
1423 2328 1522 2401 piaculi
1532 2327 1631 2384 dicitur
1641 2335 1779 2385 contracta
1792 2343 1858 2386 esse
1867 2343 1945 2387 eooi-

1141 2421 1255 2489 missiu.
1281 2423 1364 2495 siper
1386 2420 1575 2494 imprudente
1597 2420 1718 2493 lapsum,
1740 2429 1788 2479 aut
1811 2422 1840 2478 in
1859 2421 1946 2481 uerbo

899 2538 1091 2600 boemones
1110 2535 1322 2595 VdeANTES.

318 2688 331 2721 ι
350 2669 683 2739 Ιιαιιιιι.Νεε8ει.ειειε,

318 2751 333 2793 b
350 2737 626 2803 coumndomussob..
639 2733 683 2788 aed
693 2728 766 2784 emto.

286 3096 427 3245 ῗιίιιὶιειάιῗιε.
467 3162 493 3217 bi
508 3156 564 3213 uid.
577 3150 730 3213 Keucben„
746 3162 773 3216 p.
786 3144 851 3200 385.
864 3138 967 3196 oneng,

324 3240 358 3296 Ει
374 3235 498 3291 Minorem
523 3236 674 3297 expromere
695 3217 773 3281 bello,
800 3211 907 3283 uirginis
931 3218 955 3263 et
982 3205 1086 3261 Dione.

286 3308 431 3371 dionisius,
445 3318 473 3374 p.
488 3299 552 3358 tob.
566 3294 611 3352 Sic
626 3288 805 3362 interpungit‚
817 3295 842 3339 et
855 3281 978 3363 itinerum
993 3293 1088 3360 expro-

288 3377 433 3440 mereboto
443 3371 593 3444 eleplensi
610 3362 712 3425 bione,
726 3369 825 3429 putans
834 3352 984 3442 driiobium
996 3363 1088 3417 expri-

287 3468 363 3512 mere
377 3446 497 3505 noluisse
521 3438 662 3511 epidieton
676 3431 805 3488 Mineruae
818 3426 953 3503 neptrico,
965 3434 1019 3493 qno
1036 3433 1088 3474 no-

288 3526 363 3584 inine
377 3521 412 3576 ab
424 3507 637 3575 Atheniensibus
647 3503 732 3561 enita.
743 3500 782 3555 ln.
838 3568 844 3581 ι

323 3595 403 3665 cujus
418 3586 496 3662 poerit
509 3577 665 3639 conditionis
691 3572 785 3654 l'enue²
802 3582 877 3652 eujus
899 3578 995 3648 opere,
1014 3577 1090 3632 eaque

307 3674 401 3723 intertui
430 3658 494 3715 ileo
516 3651 608 3710 omnia
622 3637 1091 3719 significantissimedicuutur,coii-

289 3685 356 3795 finio
377 3702 467 3807 opero,
479 3733 603 3800 questus.
618 3720 657 3776 lie
671 3715 820 3771 conditione
832 3709 985 3792 notauimus
998 3712 1088 3759 antea.

288 3778 375 3881 Oper'e
388 3815 497 3876 quoquc
511 3791 631 3869 proprie.
645 3789 691 3846 Sic
702 3783 868 3863 ἐργάζεσθαι,
881 3779 983 3840 dicuni,
995 3784 1023 3831 et
1035 3788 1094 3862 ine·

289 3880 402 3938 reiriecs
415 3882 546 3929 iocantur
558 3864 695 3941 ippdoipoi
710 3874 718 3924 ;
741 3865 928 3937 atqueearum
952 3847 1049 3930 ipeoln
1062 3858 1093 3899 ac

289 3961 407 4023 questus
426 3943 549 4023 ippeeie.
566 3940 603 3991 be
615 3939 714 4061 guertio
734 3925 845 4007 puerilis
871 3923 1025 4004 obseruatio
1037 3921 1092 4000 εει.

291 4020 346 4081 Sed
364 4019 510 4077 observent
524 4012 596 4068 liuuc
639 4001 705 4060 lauti
720 3997 820 4076 ‘locutu
838 4011 867 4050 in
880 3992 1004 4051 Asinaria
1027 3997 1094 4043 tiro-

292 4108 365 4152 nes:

337 4193 740 4334 lhiiiaiilgg'aigoqslgiffffipffihtiqnegit,
751 4247 847 4299 animus
857 4249 922 4377 grat,
931 4252 975 4292 res
983 4241 1077 4289 mouet.

881 4338 967 4377 samo.

293 4452 371 4519 conl.
387 4451 575 4520 Oudendorp,
590 4442 625 4500 ad
651 4437 771 4513 Apulei,
785 4434 861 4504 liet„
875 4431 895 4488 l.
911 4442 1017 4556 3:113!de
1028 4425 1093 4483 578.

328 4601 348 4659 S
370 4600 452 4656 ccioiio
470 4594 502 4649 ob
527 4587 625 4674 ditiis.
640 4583 756 4646 Glossar,
772 4575 913 4646 aperieiur,
932 4569 1028 4671 obsidiis
1031 4605 1090 4622 .....

292 4672 392 4732 Glirius
410 4667 631 4726 Fortunatianus,
643 4655 662 4710 l.
679 4649 848 4735 iiivlibetor„
878 4659 905 4715 p.
929 4642 982 4698 ¹09
998 4681 1004 4695 .
1022 4639 1092 4740 ⁸2⁹²ss

293 4747 390 4802 ciorum
406 4751 521 4817 noereio·
535 4731 626 4786 bobio.
641 4725 765 4788 Seruius,
779 4718 812 4775 ad
824 4718 846 4774 l.
870 4731 910 4784 iii,
924 4712 1002 4781 AEn.,
1014 4710 1068 4768 5⁰9
1083 4751 1090 4765 .

294 4797 842 4964 aipxpkoernsspffloaiffieigiakoffiaa?
865 4857 966 4931 relepit.
989 4853 1094 4981 λἒιιιιιιὲι

292 4939 1094 5091 ῗιῖιιωῗιῗεὶιῗιιιιξιῖιῗιῦιίεεῼὲιιι,ωιιῖπιιρεοιῗῖῗὲαῇειᾳιξιειιῖεηιῖαει

295 5114 425 5173 leniquoni
440 5092 594 5165 relegerent,
608 5068 1095 5206 wmddtwii'cwlli'nyi'iocnsesstgntigxillsgff

296 5170 386 5302 0¹1¹qu
388 5154 725 5297 aetstdeginodiffib‘lelluqs
749 5226 839 5301 tarpeii
860 5214 920 5286 ejus
944 5210 1095 5294 discipulus

294 5261 453 5375 {celandus
468 5306 559 5379 (lust,
570 5299 589 5355 l.
601 5311 641 5363 ni,
651 5290 733 5364 eat)
754 5290 913 5358 religionem
927 5300 943 5340 o
956 5280 1096 5353 religando

295 5386 459 5460 appellatam
470 5367 646 5458 existimavit.
657 5359 801 5444 litenima
815 5356 917 5444 postulo
929 5356 959 5412 lit
972 5352 1094 5437 poetelio,

295 5462 336 5518 sic
349 5475 364 5511 n
377 5453 457 5527 relipo
469 5446 571 5517 relegio.
582 5438 636 5496 Sed
648 5440 936 5492 notationisratiouem
954 5442 1007 5483 non
1019 5426 1096 5480 nide-

296 5526 421 5588 tursatis
445 5514 624 5578 intellexisse,
645 5506 696 5562 etsi
717 5501 836 5560 Lucretii
860 5515 967 5557 tersum
984 5494 1097 5567 protulit

296 5602 330 5658 od
342 5600 411 5655 lianc
422 5602 506 5651 totam
519 5598 577 5644 rem
588 5575 781 5639 declarandam
794 5587 860 5630 sarie
870 5566 1095 5629 accommodatis·

297 5673 396 5731 simum
410 5665 442 5734 (ι,
456 5658 522 5732 95ι)
537 5675 544 5712 :

340 5779 498 5850 Religionum
508 5772 603 5828 animos
613 5765 684 5821 nodis
694 5759 830 5820 exsoluere
840 5771 927 5825 pergo.

1174 2654 1185 2684 ⁶
1203 2650 1381 2703 Postilionibus
1391 2663 1437 2704 ms.
1446 2650 1629 2706 Pollutiooibus
1644 2651 1715 2706 nuto.
1728 2653 1946 2720 postulationibus.

1141 2714 1273 2778 substet.
1286 2713 1342 2767 uide
1357 2716 1416 2768 Not.

956 2821 1242 2886 COMMENTARIUS.

322 2951 490 3024 scriputura
515 2939 656 3015 diligentie
672 2951 747 2993 euro.
773 2926 958 3013 Scrupulosus.
974 2921 1002 2976 id
1030 2926 1083 2988 cst,
1175 2990 1181 3002 ὓ
1449 2990 1483 3005 ..
1600 2992 1606 3005 .

454 3018 500 3091 qui
515 3017 544 3071 in
559 3012 671 3068 minima
689 3018 803 3076 quaeque
817 2993 985 3069 inquirit.lta
998 2991 1121 3089 Fron-C
1137 2988 1259 3060 guidem,
1275 3005 1355 3061 quoni
1371 3006 1415 3046 res
1429 2991 1529 3048 divine
1543 3002 1569 3048 et
1583 3008 1637 3050 rim
1649 2996 1792 3049 liumanaui
1807 3009 1948 3066 superan-

286 3027 547 3219 '‘mfflqu'ssuaed..
561 3083 582 3139 1.
599 3094 630 3149 ιι,
654 3076 726 3138 ἱεὶι..
742 3070 894 3140 scrupuloso
922 3063 1085 3136 inquisitione
1138 3070 1179 3118 tes
1195 3062 1273 3119 nobis
1292 3061 1417 3146 indigent
1431 3080 1439 3117 ι
1454 3079 1508 3136 qno
1528 3063 1567 3132 dt,
1588 3074 1617 3118 ut
1639 3065 1717 3136 quasi
1741 3065 1885 3121 constricti
1904 3075 1948 3123 te-

1138 2917 1173 2973 Et
1194 2933 1261 2975 sane
1276 2918 1311 2974 ita
1325 2928 1377 2976 εει.
1400 2917 1506 2992 Religio
1523 2920 1594 2978 enirn
1616 2921 1725 2994 proprie
1743 2920 1882 2980 horrorem
1903 2923 1949 2980 si·

1137 3148 1261 3201 neamur,
1273 3149 1324 3190 nec
1337 3135 1420 3190 animi
1433 3144 1552 3192 mentem
1567 3151 1703 3207 quoquam
1718 3145 1879 3195 convertere
1894 3152 1947 3194 au-

1138 3204 1261 3261 deamus.
1276 3203 1416 3277 Virgilius,
1430 3222 1486 3276 nin,
1510 3205 1639 3264 AEneid.:

1185 3296 1246 3411 §aima
1252 3296 1407 3412 ffir⁰¹i⁸i⁰
1419 3297 1522 3363 panidos
1530 3300 1644 3352 terrebat
1655 3305 1773 3364 agrestes

1175 3443 1266 3512 Quare
1285 3445 1378 3517 retipio
1389 3445 1542 3516 sepissime
1565 3455 1608 3503 est
1621 3446 1729 3514 norror,
1744 3446 1793 3517 qui
1820 3446 1948 3516 obiectus

1052 3563 1058 3574 .
1140 3515 1219 3571 nobis
1238 3516 1273 3571 ob
1286 3517 1379 3587 atiquo
1399 3517 1478 3588 signo
1492 3526 1603 3574 coerect
1616 3532 1668 3573 nos
1681 3525 1710 3574 ct
1723 3518 1799 3589 quasi
1813 3520 1947 3590 religatos

1142 3596 1227 3642 tenet.
1243 3586 1374 3658 Exempla
1388 3599 1454 3643 sunt
1478 3588 1559 3656 buius
1586 3588 1627 3644 rei
1649 3588 1766 3645 induite.
1791 3589 1844 3646 Sed
1864 3597 1947 3645 riola·

1141 3656 1197 3713 bile
1213 3657 1274 3726 lice,
1286 3658 1359 3728 quod
1377 3674 1394 3715 e
1407 3659 1494 3715 Plauti
1506 3658 1657 3716 blercatore
1670 3659 1875 3732 proferebamus
1893 3676 1947 3717 su-

1143 3743 1190 3800 pra
1204 3729 1231 3784 in
1246 3729 1328 3784 aliam
1344 3732 1508 3787 sententiam
1523 3749 1530 3785 r

1173 3819 1950 3885 Respicebueeddextram,(lboriue.liouneersdrersorides‘l

1173 3883 1252 3934 Nubis
1261 3891 1317 3935 ater
1325 3883 1457 3947 imberque
1468 3886 1551 3935 instat.
1561 3884 1651 3950 Aspice
1661 3899 1728 3938 nuuc
1739 3887 1909 3940 ιιιείιιίειιιιιι.

1175 3944 1269 3999 Caelum
1279 3953 1307 3997 ut
1313 3945 1445 4010 splendore
1453 3952 1494 3998 εει
1504 3944 1605 4011 plenum
1613 3960 1646 4000 er
1657 3948 1762 4001 adverso
1774 3949 1858 4002 rides?

1144 4030 1212 4088 Cliti.
1229 4048 1237 4085 i

1175 4123 1333 4189 Religionem
1344 4123 1395 4176 illie
1405 4125 1499 4190 objecit
1511 4127 1648 4190 :recipiam
1658 4139 1701 4179 me
1712 4124 1787 4179 illico.

1146 4210 1229 4268 Vides
1242 4211 1286 4266 bic
1296 4209 1435 4267 bominem
1451 4210 1502 4266 iter
1514 4208 1570 4279 iarn
1582 4209 1747 4281 ingressum,
1760 4211 1894 4285 reiigione
1903 4222 1949 4271 ta·

1146 4298 1210 4339 men
1219 4283 1311 4339 animo
1324 4280 1430 4352 objecta
1441 4281 1518 4350 quasi
1532 4280 1688 4353 religatum,
1699 4293 1727 4339 et
1737 4299 1754 4340 a
1764 4295 1893 4354 suscepto
1901 4286 1949 4342 iti·

1148 4370 1213 4410 nere
1240 4352 1420 4426 prohibitum.
1434 4353 1570 4423 Erpresse
1589 4355 1839 4426 quoquebriauns.
1856 4355 1903 4413 lib.
1926 4373 1949 4414 ir

1106 4409 1261 4481 DDissett.
1278 4424 1379 4494 Epist„
1392 4438 1453 4494 cap.
1465 4427 1493 4481 7·
1511 4441 1518 4476 ι
1532 4430 1584 4481 titis
1604 4424 1632 4481 δι’
1649 4429 1787 4504 τρέμοντες
1801 4430 1832 4486 τὸ
1844 4429 1949 4517 ὀρνιθᾴ-

1142 4518 1195 4572 piou
1210 4502 1367 4574 κρατοῦμεν,
1381 4499 1478 4554 καὶτὸν
1496 4495 1551 4552 θεὸν
1564 4495 1691 4585 ‚serenici
1753 4498 1879 4571 ιδιόμιθα
1893 4521 1948 4554 rio·

1142 4568 1767 4696 ifssifssss‘tffsfflii‘ffi{³⁵‘d‘ff⁰”ii⁰‘⁶⁵i·ir⁰.‘²’i‘
1782 4569 1948 4695 ¹3¹⁸?—

1327 4656 1362 4708 qu
1466 4655 1499 4710 pn
1555 4654 1698 4712 gerumi
1739 4655 1775 4708 i,
1821 4652 1893 4709 p..

1188 4730 1356 4795 Relegcuteui
1367 4743 1425 4784 esse
1436 4738 1545 4796 oportet,
1556 4730 1703 4796 religionum
1713 4743 1797 4781 neeis.

1667 4793 1771 4854 umas..
1783 4806 1809 4856 p.
1821 4793 1878 4844 lbi.

1182 4894 1246 4962 Quae
1258 4909 1309 4949 noo
1321 4894 1398 4949 modo
1410 4893 1462 4949 sint
1474 4894 1550 4978 louge
1560 4894 1592 4948 ob
1605 4910 1693 4950 eorum
1705 4894 1796 4950 dissito
1807 4893 1951 4951 distentio·

1162 4981 1193 5020 ue
1203 4976 1307 5021 notura.
1320 4965 1359 5021 ita
1374 4964 1507 5022 llcursius
1518 4965 1843 5037 iudppeiidtceetediior
1855 4965 1946 5038 Lugd.

1144 4983 1204 5092 gut.
1216 5051 1232 5092 ε
1249 5052 1301 5093 ms·
1312 5037 1402 5106 Quare
1414 5050 1554 5107 perperam
1565 5045 1719 5092 mutarunt:
1734 5036 1858 5104 Quenoii
1868 5038 1949 5094 inodo

1144 5108 1195 5164 sint
1204 5107 1246 5163 lori
1265 5107 1428 5163 eubillorrtnr
1438 5107 1524 5162 divine
1534 5108 1716 5178 proeetontiqiie
1725 5117 1829 5164 umore.
1841 5107 1947 5166 olm.

1181 5177 1232 5234 XX
1259 5180 1328 5236 1.-
1342 5178 1375 5233 lii
1406 5178 1563 5234 eereinoniie
1589 5179 1680 5234 cestrie
1701 5178 1824 5251 rebusque
1850 5180 1949 5236 dieini's

1180 5249 1333 5307 stelionibus
1341 5248 1424 5334 locui⁸
1434 5259 1481 5305 ert.
1504 5249 1568 5305 trec
1581 5260 1624 5332 est
1638 5250 1781 5334 uerissima
1804 5249 1874 5307 cod.
1889 5266 1946 5334 ius.

1146 5332 1266 5447 tillo
1274 5336 1489 5474 tilietlili
1503 5320 1649 5474 ilidii
1663 5321 1948 5474 ttllttiiliiiiiz

1147 5463 1250 5530 tulerit,
1273 5478 1341 5519 uoce
1362 5462 1546 5533 iiaruspicum.
1572 5460 1618 5518 Sic
1639 5461 1747 5530 Cicero,
1769 5463 1804 5520 de
1826 5462 1946 5535 llurusp.

1146 5533 1243 5604 licsp.‚
1258 5549 1318 5605 cap.
1332 5535 1363 5591 bl
1376 5554 1383 5590 :
1396 5533 1495 5590 Eodem
1509 5542 1606 5589 ostento
1619 5531 1720 5589 Telluri
1733 5534 1845 5606 poetelio
1859 5534 1949 5590 deberi

1146 5604 1242 5659 dieitur
1252 5605 1308 5676 (ubi
1323 5621 1387 5663 vero
1399 5620 1460 5660 cum
1476 5606 1503 5660 iri
1518 5603 1577 5661 aliis
1589 5603 1770 5671 editioribus.
1785 5616 1841 5663 lum
1855 5606 1882 5661 in
1896 5619 1949 5661 no-

1146 5675 1257 5731 rissima
1272 5676 1319 5732 ir.
1335 5675 1368 5732 d.
1380 5675 1462 5733 Wolli
1477 5676 1574 5748 legitur
1587 5675 1747 5748 postulatio),
1757 5686 1837 5734 elma
1857 5677 1881 5732 is
1894 5691 1948 5746 ap·

1147 5747 1238 5821 posite
1251 5745 1285 5805 ad
1297 5755 1420 5807 nostrum
1432 5748 1522 5807 locum
1536 5745 1633 5834 lario,
1642 5747 1677 5806 dc
1688 5747 1764 5822 ling.
1776 5692 1896 5817 iatffib.
1906 5762 1946 5826 iv,
