4150 6250
274 259 324 323 ur
497 304 503 316 .
773 250 777 259 ’
820 256 957 315 aaroni
970 240 1153 330 torosos
1171 254 1307 325 muros
1352 224 1359 255 “
1872 234 1926 313 ati

274 375 404 449 supplicia
418 376 551 446 capitalia,
566 373 707 447 torquetis.
721 372 886 440 dilaceratis,
900 376 1024 441 enutritis,
1042 385 1070 432 et
1083 376 1108 441 ti
1121 375 1195 443 sius,
1221 372 1350 449 Ppthius,
1375 379 1401 431 et
1415 372 1438 429 is
1450 370 1588 439 habendus
1601 369 1708 429 diuinus
1721 377 1783 439 ast,
1811 370 1856 440 qui
1875 377 1926 427 aut

276 467 310 524 ad
325 476 473 523 extremum
487 481 536 520 nos
556 462 619 521 ieris
635 474 662 519 et
676 464 828 521 belluarum
852 466 994 525 laniatibus
1019 468 1069 524 ob·
1123 480 1258 527 sttmmntn
1278 466 1467 537 imperatorem
1488 467 1594 535 nescit,
1616 475 1662 527 aut
1688 464 1794 536 ignoro
1814 462 1926 523 anobis

272 556 399 631 jactatis?
409 555 535 631 Quisquis
546 552 616 612 istud
629 559 656 612 io
671 556 747 614 nobis
760 558 879 625 datunat,
891 567 936 613 aut
947 558 1070 631 inaliqna
1123 556 1286 629 quotidianis
1297 557 1321 612 ei
1343 554 1468 625 precibus
1492 555 1654 633 supplicarit
1679 554 1729 625 unt
1743 555 1766 615 si
1781 564 1923 626 pectorum

272 739 565 811 landosestbomiois,
581 746 704 816 quamvis
724 746 768 801 ille
789 745 912 802 rideatur
932 746 1001 801 sibit
1022 755 1070 805 aut
1121 758 1252 809 neamus.
1278 752 1438 819 agnosceret
1454 760 1460 799 :
1475 756 1610 799 summurn
1625 751 1714 803 uinco
1730 741 1857 801 inuocare
1871 755 1923 797 nus

271 830 344 893 Deus
358 852 418 893 asse
436 836 588 893 credendus
609 848 661 903 est,
675 838 796 910 quamvis
809 837 867 911 ipse
880 854 909 894 se
923 854 983 895 osse
996 839 1069 896 mille
1121 836 1222 905 uento,
1239 843 1266 892 et
1281 833 1357 891 abeo
1371 833 1442 907 qnod
1454 833 1622 905 postulamus
1634 849 1732 899 orare,
1754 833 1797 890 uri
1810 832 1923 891 auribus

271 929 466 1003 proliteaturin
482 930 606 987 ratibus?
624 930 797 1003 Trophonius
811 945 860 986 nos
870 931 966 1001 impios
978 932 1067 987 hodo·
1120 929 1206 1005 potuit
1216 928 1296 995 scire,
1313 928 1355 989 rol
1365 928 1448 1003 ipsius
1461 928 1535 989 vocis
1549 943 1629 997 sotto,
1641 944 1694 1001 ιιιιιι
1705 928 1805 987 utiutttr
1817 928 1845 985 tn
1861 942 1924 1000 pre·

271 1039 347 1080 oaeus
362 1033 409 1079 aut
422 1022 526 1094 Jupiter
539 1023 660 1078 nominat
675 1032 703 1089 ι,
727 1033 755 1079 et
778 1023 835 1092 ipse
857 1023 960 1078 dicetur
979 1023 1069 1089 lleus',
1120 1024 1208 1090 cibus,
1222 1022 1367 1081 noscitare.

269 1127 350 1189 atque
375 1116 402 1173 in
426 1114 521 1172 ordine
547 1114 746 1186 computabitur
773 1117 932 1187 nurniunm,
957 1117 1002 1187 qni
1022 1126 1068 1171 aut
1157 1113 1264 1173 lliillll.
1295 1114 1419 1173 Nondum
1432 1117 1576 1182 estlocus,
1604 1116 1922 1188 pterplieeutusornoes

269 1229 376 1269 summo
395 1210 574 1269 servientibus
587 1213 643 1283 regi
665 1211 766 1267 crimen
788 1208 934 1280 impietatis
949 1208 1065 1280 altingit,
1124 1212 1206 1278 istos,
1223 1211 1267 1282 qui
1283 1225 1333 1266 nos
1346 1209 1493 1278 damnant,
1517 1210 1563 1282 qui
1585 1210 1656 1281 sint,
1685 1210 1728 1267 tei
1751 1211 1824 1267 uodo
1847 1210 1921 1267 siut:

269 1314 314 1361 aut
327 1304 376 1361 sibi
392 1314 532 1376 torquetur
554 1302 721 1374 maiestatem
737 1303 805 1373 ejus,
826 1302 981 1371 cultumque
996 1318 1064 1372 prue-
1119 1311 1246 1374 quantum
1274 1302 1377 1373 possint
1391 1342 1400 1371 ,
1423 1302 1465 1360 vel
1488 1303 1633 1361 nurerum:
1649 1318 1697 1363 cur
1708 1302 1741 1359 ad
1754 1301 1856 1361 Christi
1870 1319 1919 1376 pa-

267 1399 349 1473 poui‘?
364 1400 456 1457 Delius
469 1399 581 1470 Apollo,
607 1399 647 1455 rel
661 1394 776 1465 Clarius,
794 1396 959 1470 didymaeus,
975 1396 1066 1455 Phile·
1120 1408 1202 1455 aeaut
1225 1398 1409 1465 mentionem,
1436 1396 1585 1471 discipulos
1598 1412 1647 1457 our
1659 1396 1718 1469 eius
1730 1397 1855 1459 iuimicus
1871 1396 1921 1453 lta·

874 1511 1066 1573 uuoutoulzs
1084 1510 1289 1573 laniatibus,

295 1631 309 1661 ι
329 1625 579 1690 loritibusproiaoos
591 1632 687 1717 oosaut
702 1626 787 1689 impios
797 1623 936 1679 omanem
962 1621 1061 1686 tupiter
1113 1624 1231 1677 ιιιιιιὶιιιι.
1250 1618 1323 1673 ouh.

944 1722 1229 1791 conuentionis,

1639 1797 1646 1810 “
1847 1798 1858 1823 Ι

300 1848 396 1907 xxii.
420 1877 455 1889 -
481 1844 645 1902 dilaceratis.
661 1844 783 1912 ‘Nempe
819 1840 933 1913 flagellis
958 1852 986 1898 et
1011 1856 1063 1897 urt-
1080 1838 1227 1908 Bieetori,
1251 1859 1299 1898 eor
1318 1842 1454 1901 bruohitts
1476 1838 1618 1917 pleraqne‘
1629 1834 1788 1903 Graecorum
1811 1846 1925 1904 omenta

263 1924 345 1997 pulis,
358 1921 455 1991 quibus
467 1918 564 1974 derasa
584 1927 613 1972 ut
633 1916 731 1972 lnlcata
753 1917 829 1971 luere
853 1916 1063 1970 ctrristlnuororo
1118 1926 1267 1971 recensens
1276 1913 1518 1972 celebratissimum
1529 1912 1594 1971 illud
1606 1910 1755 1988 Trophonii
1768 1915 1795 1971 itt
1807 1916 1927 1975 Lebadia

266 1999 358 2053 tarro.
375 1993 404 2050 ln
420 1991 557 2049 bisetium
574 1988 784 2045 lacerationibus
799 2003 942 2043 oranterare
966 2000 1065 2055 possu-
1117 1985 1234 2043 Boeratie
1248 1988 1419 2055 praeterierit.
1430 1986 1534 2043 Οιιειι..

263 2082 323 2123 rous
347 2065 488 2136 ἔικυσμούς
512 2064 611 2139 θηρίων.
635 2060 702 2115 Nam
729 2071 836 2113 sanctos
859 2057 959 2112 Christi
983 2067 1066 2111 testes
1155 2056 1268 2113 Clarius.
1282 2056 1389 2113 Clarius
1403 2060 1501 2131 dpullo
1514 2075 1530 2115 a
1543 2058 1634 2115 Clario
1647 2074 1758 2119 tremore
1775 2074 1861 2130 propo
1874 2058 1928 2118 Co-

263 2138 357 2194 hestiis
372 2132 532 2207 quandoque
547 2130 748 2186 adorordeudos
761 2130 876 2193 dolmnt,
898 2139 925 2182 nt
950 2127 990 2180 vel
1015 2127 1065 2183 hae
1118 2128 1280 2197 lupbonem,
1307 2129 1378 2198 quod
1403 2146 1462 2183 eom
1489 2129 1676 2186 sacerdotibus
1688 2140 1760 2186 esset
1774 2144 1866 2202 aptum
1882 2134 1926 2186 vi-

263 2211 368 2266 tatione
381 2221 514 2260 sumtuum
530 2206 562 2257 iis
575 2214 706 2257 terrorem
723 2204 884 2257 incuterent.
901 2200 1024 2255 ttamen.
1116 2214 1193 2264 aaut,
1212 2202 1237 2255 io
1251 2217 1305 2269 qttn
1320 2200 1449 2264 romulum
1465 2210 1635 2264 strueretur.
1651 2217 1780 2257 successu
1796 2204 1928 2271 temporis

301 2280 427 2335 Earrritr'a.
447 2276 546 2331 Reiern
565 2275 616 2329 boe
637 2291 690 2327 mm
712 2275 745 2327 ad
760 2273 993 2336 ririoombunum,
1011 2286 1065 2339 qno
1116 2272 1229 2326 oraculo
1256 2272 1390 2339 Apollinis
1413 2272 1538 2328 inclaruit
1560 2273 1670 2331 condito
1694 2290 1708 2328 a
1730 2273 1838 2335 diurno,
1855 2277 1927 2332 vatis

263 2369 336 2425 stepo
356 2349 457 2405 Christi
480 2346 577 2402 militm
593 2346 789 2409 oeristetten,
805 2344 851 2397 scd
875 2343 907 2397 ud
928 2357 1024 2397 croces
1039 2352 1067 2395 et
1118 2342 1230 2397 Tiresiae
1243 2341 1305 2407 lilio,
1318 2342 1435 2413 fugiente
1445 2342 1764 2400 rictores'ltrebooomm
1777 2344 1926 2414 Epigonos,

265 2430 416 2482 tormenta,
442 2434 503 2489 quur
531 2426 680 2472 extrenmm
710 2417 838 2471 τελείωσιν
866 2412 1065 2482 torrerdehont.
1119 2423 1187 2470 toste
1201 2414 1297 2481 Pomp.
1314 2414 1393 2480 Mela,
1412 2415 1446 2469 dc
1466 2414 1525 2469 Situ
1545 2412 1683 2483 Orione.
1700 2415 1925 2485 themuseele-

265 2494 472 2563 Torquebautor
492 2490 563 2543 enim
578 2488 730 2546 ebrioram.
750 2487 947 2546 lacerabantur,
964 2500 1065 2539 etttre·
1117 2486 1202 2541 britas
1215 2502 1249 2541 eo
1261 2485 1374 2540 colonos
1385 2486 1507 2552 attraxit,
1521 2502 1636 2558 quor-nur
1653 2487 1775 2544 manibus
1787 2500 1925 2545 structum

264 2568 373 2628 hrrutur,
388 2563 415 2617 td
431 2572 472 2616 est
496 2560 549 2629 iqui
561 2571 587 2614 et
603 2560 711 2614 laminis
726 2560 812 2629 lgoeio
826 2556 936 2630 propius
949 2550 1065 2611 admotis
1117 2564 1158 2613 ost
1182 2556 1320 2626 oppidum,
1336 2556 1462 2612 Nicandri
1479 2559 1577 2627 patria.
1594 2552 1632 2614 lle
1645 2556 1756 2615 corrditu
1771 2556 1806 2617 ibi
1821 2560 1927 2629 teropio

265 2637 447 2693 intrudantur.
464 2604 501 2687 lie
516 2633 569 2701 igni
584 2630 617 2684 ad
638 2631 778 2686 veritatem
794 2628 940 2683 eruendam
954 2627 1065 2681 atlruoto
1117 2641 1143 2683 et
1157 2627 1267 2683 oraculo
1283 2628 1337 2681 ιὶιΙ.
1353 2627 1495 2694 strabon,
1511 2629 1560 2686 lib.
1582 2645 1638 2695 ιιι,
1665 2646 1724 2702 paq.
1748 2628 1816 2698 ultr
1839 2630 1927 2689 sobo-

264 2706 450 2777 aotiqoissima
461 2718 504 2758 res
518 2711 569 2757 est.
588 2702 669 2756 Recte
683 2710 772 2755 mrtem
788 2707 816 2756 et
827 2699 1010 2755 condecenter
1029 2698 1065 2753 ah
1118 2699 1215 2756 iiasten
1233 2699 1369 2773 Apollonii
1385 2698 1487 2767 hired,
1499 2700 1532 2755 ad
1547 2717 1566 2765 r,
1580 2716 1620 2756 vs
1632 2698 1704 2765 odim
1721 2700 1882 2759 Pausaniam
1896 2704 1925 2759 in

266 2775 543 2836 Arnobiocollncatur
556 2776 616 2827 loco
629 2774 735 2827 ultimo.
753 2772 818 2826 llam
831 2785 923 2826 revera
939 2779 995 2823 erot
1012 2785 1065 2823 sae-
1119 2768 1254 2835 hairdeis,
1276 2787 1301 2825 c.
1323 2773 1349 2838 5,
1374 2780 1401 2825 ot
1423 2786 1492 2843 quos
1515 2772 1615 2830 tondat.
1638 2771 1773 2838 llberliu.,
1796 2772 1828 2831 V.
1843 2772 1874 2829 C.
1890 2774 1925 2835 ad

265 2854 326 2918 pius
340 2848 449 2902 ultimos
460 2846 630 2919 βασανισμὸς.
645 2845 748 2899 Seneca
769 2843 816 2896 lib.
831 2858 871 2907 tn,
888 2839 985 2903 deira,
1001 2852 1061 2911 cap.
1119 2842 1204 2896 Taciti
1225 2842 1308 2904 hoo..
1320 2856 1353 2908 tt,
1369 2838 1415 2908 st,
1430 2853 1454 2896 rt
1471 2842 1504 2897 ad
1518 2842 1581 2900 vrb.
1605 2840 1758 2914 sequestr..
1781 2861 1840 2915 paq.
1857 2844 1922 2914 263,

267 2921 514 2984 iPtToraeuotper
531 2918 697 2983 nuntioque
714 2916 842 2968 iuuerunt
861 2921 955 2967 notttro
970 2912 1065 2967 tristis·
1117 2914 1162 2985 qtti
1185 2913 1234 2968 luto
1254 2914 1288 2969 de
1308 2929 1337 2969 to
1358 2912 1456 2969 uudtus
1479 2925 1531 2969 est.
1554 2912 1657 2973 Outioi.
1680 2945 1715 2957 -
1736 2912 1815 2973 cont.
1834 2916 1925 2989 intpp·

265 2996 331 3049 simo
343 3002 412 3055 aunt,
427 2989 549 3057 fidierdia,
563 2983 910 3053 tutatortturmroteotqot,
923 2983 994 3036 utrltu
1006 2998 1063 3037 auo.
1080 3016 1103 3080 C
1119 2985 1151 3038 ati
1167 2984 1244 3039 Ouid.
1261 2982 1334 3051 tlon,
1350 2999 1370 3050 ι,
1385 2983 1446 3040 516.
1462 2984 1598 3045 Ocusuurt.

268 3064 407 3135 Apuleios,
425 3060 535 3124 llilesia,
552 3075 588 3112 x:
604 3055 659 3111 blec
670 3066 726 3110 roto
741 3059 780 3109 oet
795 3054 897 3109 esuriens
911 3071 982 3107 urere
995 3051 1068 3107 Groe-
1158 3052 1211 3109 Did
1231 3071 1319 3110 rrraeua.
1333 3052 1428 3128 Pomp.
1445 3056 1512 3111 licio
1527 3098 1534 3121 ,
1559 3058 1592 3113 de
1616 3057 1674 3114 Situ
1689 3052 1766 3126 oth,
1789 3076 1809 3127 t,
1825 3076 1851 3117 c.
1866 3060 1925 3117 tt:

267 3153 356 3190 corum
370 3131 500 3186 tormentis
512 3132 565 3199 ejus
579 3140 705 3198 apparatu
719 3131 773 3195 jorn
787 3127 903 3182 deerant.
920 3124 974 3179 Sed
987 3127 1068 3192 obiis-
1123 3129 1187 3182 l’oat
1199 3075 1338 3182 diotrepto
1355 3127 1431 3183 lotrin
1452 3129 1548 3198 aliquot
1563 3147 1590 3185 ae
1604 3130 1756 3202 orrrboqilttta
1778 3133 1866 3188 sinaut
1880 3144 1926 3192 :et

268 3218 353 3262 murra
366 3205 430 3257 mira
441 3202 639 3272 musurrtptione
654 3198 734 3253 anilia
747 3198 902 3262 sertorem,
918 3211 949 3249 sc
963 3213 995 3249 ne
1013 3197 1070 3265 ipso
1123 3202 1258 3271 priniana
1271 3197 1381 3253 Posideo
1393 3201 1568 3271 prolocutoris
1582 3201 1678 3274 decom
1694 3199 1830 3266 inchoant.
1844 3206 1869 3258 ci
1908 3205 1926 3262 ‘t

269 3275 371 3348 quodem
385 3271 516 3328 tumbeio
529 3272 593 3342 iqtti.
609 3269 789 3333 Prudentius,
811 3271 838 3323 io
859 3268 987 3340 ltlartyrio
1002 3267 1070 3323 Viu-
1122 3271 1254 3326 oraculum
1267 3271 1405 3339 Aptolituia,
1422 3267 1519 3326 dictum
1533 3265 1593 3326 oiim
1609 3267 1775 3342 Branchidae,
1790 3292 1858 3330 nunc
1870 3222 1923 3330 ff·

271 3346 354 3405 pendi
369 3364 375 3400 :
1123 3344 1226 3416 dqntrei,
1239 3342 1283 3397 niti
1298 3342 1353 3401 rid,
1372 3342 1450 3396 Voss.
1466 3339 1508 3399 dt.
1522 3343 1631 3410 Strabo,
1649 3344 1666 3397 l.
1679 3360 1736 3407 utu,
1753 3363 1780 3414 p.
1797 3345 1861 3414 tol,
1875 3346 1923 3404 ed.

397 3437 460 3488 qum
471 3435 562 3486 (ΜΕ
575 3440 702 3485 cunctam,
713 3429 764 3483 diu,
1124 3413 1276 3469 Chsauhno.
1293 3430 1300 3477 ;
1316 3422 1344 3467 et
1368 3412 1474 3468 Ernest.
1500 3411 1534 3469 ad
1560 3415 1673 3472 Snetoo.
1688 3411 1817 3488 Caliqul,
1832 3433 1859 3472 c.
1873 3417 1923 3483 et,

400 3495 518 3549 Deceroit
532 3506 644 3548 extrema
654 3499 760 3547 omnium
1126 3486 1280 3557 Didymeus
1292 3484 1355 3538 scil.
1373 3485 1471 3552 Apollo
1487 3485 1604 3540 dictusa
1621 3486 1730 3542 nomine
1744 3489 1795 3544 loci
1812 3485 1923 3564 aidau«,

399 3564 461 3625 tpot,
472 3562 575 3625 grabam
587 3566 615 3609 er
627 3559 722 3608 turornis
1125 3556 1169 3610 otii
1192 3556 1316 3610 derivant
1331 3572 1346 3609 a
1362 3554 1478 3629 δίδυμος,
1494 3558 1614 3626 auaitum
1629 3558 1688 3612 sire
1699 3560 1833 3629 prorutus,
1848 3561 1923 3631 quod

395 3627 548 3678 Exercentur
558 3626 670 3687 qttaestio.
704 3620 814 3671 Hm·
1125 3643 1185 3682 eunt
1205 3626 1288 3681 [liano
1305 3643 1358 3680 nuo
1373 3641 1450 3696 portu
1478 3628 1569 3684 editus
1593 3630 1638 3683 alt.
1654 3627 1774 3685 'l'ertiatn
1801 3632 1923 3688 orantiuis

309 3731 349 3790 At
364 3742 503 3786 extrentum
517 3745 564 3783 nos
575 3726 637 3798 deria
650 3737 674 3780 et
688 3721 1074 3792 tettrorumtnututttmotper-
1127 3699 1258 3753 Wfi‘men'
1274 3697 1486 3767 P¹¹5¹⁰⁸⁰Phicffill
1506 3699 1587 3755 dffffl
1598 3699 1761 3765 Mtffltbiltb
1776 3704 1922 3770 Saturni,

274 3808 343 3863 totis.
360 3803 427 3860 Nota
445 3803 479 3856 ud
494 3813 646 3854 estreunrm.
664 3797 804 3852 Pronnaea
823 3810 886 3866 ergo
905 3805 969 3850 ante
984 3805 1074 3884 extre:
1126 3769 1423 3898 ἑίιίβῑὶἑῗιῃθωὴω
1443 3771 1596 3841 AP⁰¹¹l¹¹i⁵¹l¹
1611 3773 1694 3834 ‘litim
1708 3771 1804 3832 RQ
1816 3775 1924 3832 Pullum

275 3890 483 3966 rottuqagnncro.
509 3871 576 3926 llinc
594 3869 756 3926 Prudentius
781 3865 885 3938 liprnrrn
909 3868 997 3937 primo
1015 3887 1075 3942 περι
1162 3909 1430 3974 mem-ww
1454 3911 1539 3982 mua
1566 3914 1649 3968 dmm
1678 3917 1748 3980 W
1766 3916 1924 3978 nmen

277 3969 414 4024 WW'W’
427 3962 468 4002 π’
485 3942 530 4008 54‘
543 3958 619 4014 ΜΨ
806 4053 810 4062 Ι
1127 3984 1244 4039 exoriens
1256 3953 1530 4039 ontobdconticiasituo
1544 3954 1704 4046 reiteratione
1715 3937 1920 4057 comtemnite,

324 4063 394 4113 Siffl
406 4059 480 4122 l¹²l⁸ti
488 4056 564 4111 selle·
579 4054 697 4129 quidquid
705 4051 865 4126 mimi!
876 4051 961 4124 ultima
974 4065 980 4098 ³
1108 4073 1111 4082 ’
1129 4066 1196 4111 teste
1223 4053 1367 4114 llocrobto.
1392 4065 1444 4110 sut.
1464 4072 1483 4119 t.
1504 4047 1544 4112 li.
1565 4055 1637 4116 tlibi
1655 4057 1737 4129 ltttjus
1749 4060 1923 4130 cognominis

324 4125 377 4175 δι’]
388 4121 453 4172 ῐθιθῑ
462 4119 596 4192 lsaebelffl
607 4130 692 4168 ΝΜ
701 4116 733 4166 ²⁶
743 4116 878 4179 b'PPPP‘PP
891 4114 1027 4186 l'ibioemr
1130 4129 1229 4183 tuentio
1241 4145 1294 4182 ttou
1304 4135 1403 4182 oastnt.
1418 4129 1519 4184 donau.

325 4185 590 4268 VPTPPFUPPffi‘V'm
599 4187 753 4265 Primnum}
763 4186 817 4241 Ροδῑ
829 4184 931 4248 cmm
942 4189 1045 4239 ¹3¹¹&
1165 4199 1203 4253 tt
1217 4216 1246 4252 eo
1259 4200 1328 4272 quod
1342 4196 1501 4266 postulantes
1515 4217 1598 4254 ordre.
1615 4197 1781 4260 Potludunrrrt
1792 4199 1845 4260 hoc
1857 4202 1923 4262 loeo

327 4251 386 4301 Stre
399 4247 480 4311 patdrs
490 4242 646 4295 offerendum
659 4250 755 4306 pectus,
767 4239 942 4290 autleoutltus.
1126 4271 1200 4325 idettt
1226 4271 1297 4342 quod
1321 4277 1456 4338 optantius.
1473 4267 1649 4340 Consequens
1667 4289 1716 4342 pro
1728 4274 1921 4332 antecedente,

280 4353 480 4409 bestiisautrro
493 4347 706 4413 obicotohaatur,
722 4359 783 4398 oum
801 4343 960 4398 uenationes
980 4343 1078 4396 daron·
1129 4343 1253 4396 Ceterum
1279 4341 1387 4397 minione
1401 4343 1597 4400 corrtenutentla
1620 4344 1726 4408 ridetur
1736 4344 1816 4401 Fulr.
1828 4343 1922 4404 Ursini

280 4437 339 4490 tur;
366 4422 431 4475 alias
441 4421 513 4473 euim
529 4434 581 4471 nou
596 4417 704 4471 licebat.
730 4416 808 4478 illue,
823 4429 884 4468 erno
900 4414 1076 4485 Polycarpum
1129 4414 1386 4480 coniecturarum,
1401 4415 1691 4486 pronunciansque.
1708 4417 1811 4476 dom.

281 4496 315 4552 ud
329 4496 434 4550 iconem
444 4490 621 4560 postularent,
641 4487 780 4557 respondit
796 4487 942 4540 Proconsul
955 4487 1014 4539 lieri
1027 4488 1078 4539 ltoc
1170 4484 1216 4537 tot
1228 4484 1330 4538 uurthur
1344 4488 1426 4551 putuit
1439 4487 1513 4552 scire,
1525 4485 1564 4540 ael
1574 4486 1655 4553 ipat'tta
1669 4489 1736 4542 vocis
1748 4505 1821 4548 rotro
1837 4486 1865 4544 lt
1876 4497 1922 4546 est

281 4582 335 4623 „011
360 4577 456 4635 posse,
478 4561 541 4630 quia
565 4559 721 4613 uenationes
744 4565 860 4626 pteractto
880 4566 966 4611 erant.
988 4557 1078 4624 Quare
1128 4566 1152 4609 et
1164 4555 1254 4623 ipsius,
1271 4566 1323 4611 etc.
1336 4554 1402 4610 Natu
1417 4556 1551 4623 particulo·
1565 4558 1624 4616 isne
1636 4557 1804 4627 dixinuctirar
1815 4575 1920 4627 portun-

281 4643 358 4693 ritus
372 4640 560 4690 concrematus
572 4637 616 4685 est
632 4631 867 4684 constantissimus
887 4635 914 4681 et
932 4627 1076 4686 ttorttisst-
1129 4638 1172 4681 tor
1185 4641 1257 4693 supe
1285 4642 1333 4694 pro
1354 4627 1516 4710 copulatius
1535 4628 1569 4685 ab
1594 4629 1729 4693 drrrohio,
1744 4641 1774 4685 ιιι
1787 4631 1869 4688 etiarn
1883 4632 1920 4688 ab

284 4725 343 4767 otus
354 4707 463 4776 tlartpr.
478 4702 595 4757 donato.
1129 4696 1196 4751 iulio
1209 4696 1328 4755 Firnrieo
1344 4693 1409 4753 iocts
1438 4698 1558 4754 infinitis.
1576 4700 1641 4767 Qun
1664 4699 1690 4755 iu
1703 4701 1824 4759 editione
1836 4702 1915 4759 uoto.

321 4779 348 4835 la
361 4791 404 4832 unt
419 4776 521 4829 suariae
534 4770 878 4842 appellanduaeattrominis.
889 4771 1004 4839 quamuis
1014 4770 1074 4826 itte:
1127 4768 1216 4825 Ursini
1234 4780 1324 4823 notata
1338 4781 1402 4826 suut
1429 4769 1463 4825 ad
1479 4775 1551 4828 hunc
1566 4772 1664 4839 locun,
1681 4784 1743 4829 suut
1758 4775 1837 4844 plane
1855 4776 1919 4830 iou·

282 4853 399 4907 uideatur
408 4847 474 4903 sibi?
483 4857 527 4899 ortt
538 4844 605 4898 lietu
618 4857 672 4898 ease
681 4843 821 4897 credendas
832 4854 867 4897 ert
878 4885 885 4906 ,
897 4843 1010 4913 quantulo
1019 4844 1077 4909 ipse
1125 4843 1196 4896 tilia.
1212 4837 1332 4897 lluotuo.

282 4941 310 4980 uc
329 4939 384 4980 esar
407 4919 476 4973 mide
495 4915 646 4987 profitentur
663 4917 690 4968 in
707 4914 826 4969 arorites?
846 4912 1010 4982 Trophonius
1029 4929 1076 4969 uos
1162 4912 1260 4967 llxltt
1298 4944 1334 4953 —
1361 4912 1413 4967 Cur
1438 4914 1472 4967 od
1500 4909 1596 4968 Christi
1618 4924 1727 4986 pereunt
1752 4917 1917 4976 ouationem.

282 4997 386 5065 iurpioa,
402 5002 455 5047 etc.
471 4989 585 5045 Haecest
599 4990 727 5058 patinaria
746 4985 898 5040 emendatio
912 4986 941 5037 P.
959 4985 1073 5050 Pttboei,
1126 4984 1286 5040 Prudentius
1300 4982 1448 5054 Apotheos.
1464 5001 1491 5039 u.
1503 4985 1566 5052 tut,
1580 5001 1657 5058 seqq.

283 5068 380 5123 merito
391 5066 416 5117 iu
426 5074 527 5118 textum
541 5068 645 5129 recepta
657 5059 691 5114 ab
699 5058 802 5115 editore
813 5056 971 5128 bugd-liat.
985 5056 1074 5112 Editio
1453 5099 1594 5163 Torquemr
1606 5100 1693 5166 Apono

284 5141 369 5209 prluta
394 5135 513 5189 Rtttuaoo
532 5130 611 5187 babet
631 5146 647 5186 c
669 5131 729 5184 eod.
747 5145 796 5182 ms.
816 5127 867 5181 :ia
881 5130 951 5180 harad
972 5131 1075 5183 nornine
1171 5161 1505 5224 Numinmmffihm
1527 5162 1762 5215 noefu'mqnmffi

282 5209 441 5279 spretum
462 5216 499 5258 eat
521 5204 649 5268 innotuis,
671 5201 786 5271 qnouroia
807 5201 852 5253 ille
872 5201 988 5252 riticotur
1006 5201 1072 5265 aiot,
1169 5223 1248 5274 lawe
1265 5231 1345 5287 potest
1367 5225 1462 5288 Qum
1472 5196 1589 5278 ,ussm
1601 5232 1638 5277 ω,
1649 5228 1754 5277 verbm
1764 5227 1856 5292 'm

283 5281 352 5334 lrnud
373 5278 441 5332 Deus
457 5293 511 5331 ease
526 5274 665 5327 credendus
679 5283 724 5337 eat,
737 5272 850 5343 quoruria
863 5272 956 5342 ipsese
969 5286 1021 5323 ease
1034 5271 1072 5324 si-
1170 5285 1234 5346 0001
1246 5262 1400 5338 laudalibis
1412 5297 1527 5340 respuam
1537 5289 1653 5342 mimia
1663 5289 1761 5341 eumq,
1861 5265 1869 5291 '

281 5353 367 5406 notem
381 5350 537 5417 profitentur.
554 5343 585 5398 lu
598 5346 695 5397 attributa
708 5347 830 5414 mafortea
840 5358 888 5395 nor
901 5343 1002 5413 impios,
1017 5353 1071 5399 etc.

283 5423 437 5479 Falsisslnte
458 5433 544 5486 nerine
566 5416 637 5471 euiot
657 5416 764 5469 macuta
786 5414 990 5483 proturbantur,
1006 5428 1070 5476 cos,
1159 5409 1295 5477 Lactant,
1311 5411 1331 5466 l.
1343 5429 1370 5475 r,
1391 5428 1416 5468 e.
1431 5413 1463 5468 at
1485 5431 1493 5468 :
1510 5409 1546 5469 iii
1558 5415 1663 5483 spiritate
1677 5418 1845 5476 ιοιιιιιιίιιιιι·
1858 5433 1918 5473 aas

282 5511 350 5564 qnos
370 5502 463 5561 pentes
483 5488 622 5548 cnleltztot,
638 5484 739 5538 similes
762 5485 892 5549 oleorum,
920 5485 967 5540 sed
993 5500 1071 5538 aeros
1121 5500 1230 5553 corporo
1254 5486 1384 5540 ltomiuttnt
1410 5497 1544 5556 occupant,
1560 5488 1854 5558 uuitnosqttodiueemtt,
1867 5489 1917 5545 ad-

282 5570 348 5620 deos
362 5580 436 5627 esse;
450 5573 477 5618 ot
491 5562 517 5615 iu
533 5557 716 5630 soqdeotihus,
734 5555 879 5611 [indoneus
893 5566 936 5610 aut
955 5555 1068 5622 luprter,
1115 5558 1240 5623 jatronttrr
1254 5557 1285 5610 uh
1300 5556 1375 5611 biset
1396 5558 1497 5612 nontitte
1508 5553 1559 5612 Dei
1578 5560 1631 5614 ocri
1643 5564 1673 5630 [a
1708 5570 1778 5617 ntur.
1801 5561 1860 5630 Quo
1869 5577 1918 5615 u·

281 5646 324 5691 out
337 5651 389 5691 uon
406 5633 514 5687 haberet
528 5647 580 5699 quo
593 5629 750 5686 relerretur.
770 5626 861 5697 ltaque
875 5630 968 5691 miror,
983 5626 1069 5680 Ober·
1120 5627 1174 5679 dito
1188 5635 1308 5694 tremunt,
1320 5627 1476 5696 eudemum,
1487 5639 1511 5683 et
1524 5628 1564 5683 uri
1576 5647 1603 5685 ae
1628 5645 1672 5685 aer
1688 5633 1806 5699 eoique
1813 5640 1916 5688 uum-

280 5706 397 5761 tlrurium
411 5703 627 5759 emendationem
652 5701 724 5755 illam
747 5700 825 5753 unice
846 5712 974 5753 verume
995 5706 1069 5752 textu
1120 5707 1171 5751 tor.
1186 5695 1254 5753 ttae
1279 5698 1475 5767 Athanasium,
1499 5699 1536 5760 de
1555 5697 1729 5766 humanitate
1754 5702 1845 5764 Verbi.
1862 5699 1917 5764 Et.-

276 5793 325 5834 sun
337 5776 501 5832 eliminasse.
517 5773 551 5827 Et
569 5775 665 5827 mirum
676 5785 742 5827 saue
764 5770 848 5825 rideri
864 5769 949 5839 possit
963 5777 1067 5825 attento
1120 5781 1201 5828 uano.
