4150 6250
295 296 331 356 te
777 258 1436 345 oouwrtuotssuartuo'cvontttuot
1905 271 1941 328 te

288 410 422 484 δέχεσθαι,
437 409 481 465 καὶ
501 406 540 465 δεῖ
564 408 589 464 ἐν
611 406 731 483 ἐκκλησίᾳ
745 408 914 484 χαρίσματα,
927 412 983 466 πῶς
1006 404 1092 459 οὐκέτι
1106 403 1132 464 Α
1145 398 1262 455 visiones
1286 401 1346 451 erat
1364 390 1573 462 complexurus;
1601 400 1754 461 quanquam
1778 394 1885 444 certum
1908 386 1943 443 sit

291 510 357 577 μετὰ
369 503 506 567 umescit,
526 504 570 556 καὶ
582 500 740 576 Πρίσκιλλαν,
764 502 809 554 καὶ
829 497 984 572 Μαξιριίλλαν
998 495 1094 569 ἔχουσι

290 599 424 672 προφήτας
436 611 444 661 3
460 589 512 670 ἄρα
523 593 633 670 ἥργεσιν
644 594 660 651 i
673 594 773 669 χάρις;
788 592 833 646 οὐκ
846 594 921 667 ἀργεῖ
939 587 966 645 dl
985 591 1007 652 η’,
1012 589 1094 662 χάρις

292 688 317 741 in
330 686 392 763 ἁγίερ
403 685 534 761 irretiaris.
547 689 583 758 μή
594 685 701 760 γένοιτο.
717 685 745 738 Fi
757 681 784 737 δὲ
798 683 846 743 ἕως
865 683 933 741 τινος
949 684 1094 756 προφήτου-

292 800 342 834 σαν
354 778 377 832 oi
388 778 623 854 προφητεύσαντες,
639 779 683 831 καὶ
695 775 780 831 chaire
800 774 1014 851 προφητεύουσιν.
1030 772 1094 827 ἀλλὰ

291 871 351 930 οὔτε
361 872 508 950 Πρίσκιλλα,
521 868 582 926 οὔτε
592 869 732 942 Μαξιμῢλα
745 871 926 944 προρήτευσαν
938 866 1094 939 pestilitas&

290 966 374 1021 scrib.
390 967 399 1033 )
424 966 471 1024 τὰς
495 964 649 1039 προφητείας
662 957 762 1022 adsis&
775 967 825 1015 τῶν
846 958 924 1032 ἁγίων
935 956 1094 1015 'accesibus

289 1060 316 1113 du
329 1067 361 1130 τῇ
375 1056 438 1132 ἁγίᾳ
450 1055 574 1129 λακλησίερ
587 1052 786 1124 δοκιμασθείσας
803 1050 889 1122 (Hier.
906 1066 998 1115 xtt'ttt,
1015 1047 1092 1122 52).

291 1150 376 1207 Plane
390 1149 448 1205 hauc
462 1149 650 1220 Epiphaniano
663 1147 763 1204 saeculo
783 1160 836 1201 non
852 1143 1026 1208 conveniunt,
1040 1157 1094 1213 ouo

288 1243 345 1316 jam
369 1243 395 1298 in
416 1241 541 1299 coralesso
560 1249 619 1296 erat
638 1238 696 1294 tmc
720 1241 876 1316 χαρίσματα
901 1250 1021 1307 eousque
1039 1247 1094 1290 nou

290 1350 478 1410 permanasse.
502 1333 634 1390 Existimo
662 1333 746 1404 igitur
773 1347 807 1388 ert
834 1330 985 1401 antiquiore
1003 1328 1095 1400 aliquo

1146 492 1217 548 haue
1230 487 1479 559 interpretationem
1493 484 1525 540 ad
1538 492 1655 539 meatem
1670 479 1943 537 llaximillreaceonr·

1145 583 1248 642 modari
1265 598 1317 637 nou
1333 596 1423 654 posse.
1440 580 1506 649 Qum
1520 580 1592 637 euim
1607 587 1668 648 post
1680 591 1711 634 se
1724 577 1872 643 συντελειαο
1886 575 1944 632 lore

1145 677 1261 745 dixerat,
1272 692 1333 733 eam
1347 690 1455 732 omrtem
1469 690 1580 747 prorsus
1596 673 1744 744 prophetia
1759 687 1837 727 usutu
1852 670 1945 728 exclu-

1146 788 1235 828 suram
1250 786 1361 828 necesse
1378 779 1446 827 erat.
1473 770 1505 824 3⁰
1526 769 1595 824 Cum
1618 767 1668 823 hac
1690 767 1748 837 ipsa
1771 772 1944 837 argumenta·

1145 863 1238 928 tione,
1265 871 1328 918 artie
1341 877 1428 917 anctos
1441 860 1475 916 ad
1488 860 1628 916 minimum
1642 858 1757 927 decern,
1773 858 1799 913 in
1813 867 1885 912 secta
1900 856 1946 912 illa

1144 955 1291 1013 refellenda
1304 970 1369 1011 usus
1384 957 1471 1012 luerat
1481 953 1604 1010 Asterius
1620 951 1764 1019 Urbanus;
1780 948 1842 1021 quis
1852 948 1947 1005 credat

1146 1047 1242 1103 eadctn
1252 1044 1489 1118 argumentatione
1509 1059 1620 1100 usurum
1631 1052 1713 1099 sectae
1726 1039 1893 1112 patronum?
1912 1037 1946 1093 λθ

1147 1139 1175 1195 ld
1195 1140 1275 1197 ctiam
1300 1155 1335 1197 ex
1358 1137 1455 1194 eodem
1482 1136 1592 1195 Urbano
1606 1143 1712 1192 constat
1737 1132 1772 1189 de
1796 1131 1868 1189 iacto
1885 1131 1947 1188 illos

1145 1245 1253 1289 curnem
1277 1247 1353 1287 sumn
1379 1230 1571 1301 prophetarum
1595 1226 1796 1285 successionem
1817 1225 1844 1281 iu
1864 1224 1947 1279 llari·

1146 1322 1219 1379 milla
1236 1321 1415 1390 terminasse,
1435 1336 1485 1378 nec
1504 1322 1587 1378 allum
1603 1320 1725 1392 quemvis
1736 1326 1797 1390 post
1810 1316 1883 1372 illam
1897 1316 1949 1373 ad-

290 1430 426 1500 scriptum
446 1428 523 1483 illum
540 1427 597 1482 ime
617 1427 742 1497 imperite
754 1424 942 1496 descripsisse.
1146 1414 1253 1470 misisse
1273 1429 1469 1470 successorem.
1498 1413 1599 1469 Eadem
1624 1413 1858 1484 argumentatione
1883 1425 1950 1465 usus

328 1519 1035 1595 §lie-aldeamdentlurmamargumentatnrvetus
1048 1513 1095 1570 ille
1146 1506 1313 1578 Epiphanius
1337 1506 1423 1581 (lior.
1445 1521 1547 1574 statu,
1572 1505 1642 1579 λθ),
1664 1515 1727 1577 post
1751 1504 1823 1561 illius
1844 1504 1951 1560 obitum

293 1625 397 1681 auctor,
413 1614 576 1684 qtticunrque
590 1611 649 1677 init,
664 1622 813 1682 martyrum
826 1621 1093 1677 contemporaneus,
1147 1601 1281 1656 neminem
1295 1601 1376 1656 aliurn
1399 1616 1414 1655 a
1429 1598 1647 1655 ntorttanistisad
1662 1613 1710 1655 sua
1726 1613 1812 1669 usque
1826 1609 1950 1667 tempora

291 1716 415 1763 actorum
427 1704 569 1774 Perperna
586 1712 614 1758 ct
629 1702 787 1758 Felicitatis.
808 1700 833 1758 ls
846 1702 902 1769 ubi,
916 1700 997 1755 allato
1010 1697 1096 1756 Joelis
1147 1699 1267 1765 agnitum
1294 1710 1356 1752 esse
1376 1697 1529 1751 conllrntat.
1554 1692 1626 1749 Fieri
1645 1694 1726 1764 igitur
1745 1708 1799 1748 non
1818 1696 1953 1762 potestat

293 1801 364 1866 loeo,
382 1797 535 1870 probasset,
550 1797 587 1850 ita
599 1812 651 1850 non
665 1795 783 1851 delicere
797 1811 812 1850 a
826 1795 857 1850 λ’.
868 1794 901 1850 F.
917 1794 970 1849 illis
983 1793 1015 1848 tt.
1028 1793 1095 1849 Fes-
1109 1804 1134 1865 Β
1148 1788 1312 1843 montanista
1327 1787 1455 1845 Saturum
1468 1787 1683 1859 Perpetuumque
1705 1787 1731 1841 iu
1752 1785 1951 1857 prophetarum

294 1891 406 1948 umenti
421 1889 596 1961 prophetias,
612 1899 642 1943 ut
652 1889 706 1943 sint
721 1889 808 1959 potius
821 1903 856 1944 ex
869 1886 984 1944 adverso
997 1886 1047 1942 snb
1060 1885 1093 1941 Ν.
1147 1878 1237 1935 album
1252 1881 1385 1937 retulerit.
1404 1881 1431 1937 ld
1446 1880 1541 1936 saitem
1557 1896 1590 1937 ex
1612 1880 1658 1935 illa
1673 1880 1790 1936 altorum
1803 1893 1952 1951 argurneu·

292 1985 326 2043 Τ.
339 1984 458 2058 potiores
473 1981 663 2053 expectandam
685 1980 744 2038 hmo
757 1980 855 2038 deinde
868 1979 1005 2052 subjungit
1017 1978 1044 2034 in
1059 1978 1095 2033 il·
1147 1976 1249 2030 tatione
1263 1974 1395 2031 concedat
1408 1975 1494 2032 lectur
1504 1990 1615 2033 necesse
1627 1984 1687 2041 est,
1699 1974 1745 2046 qui
1761 1976 1799 2030 ita
1810 1989 1955 2046 argumen-

293 2075 360 2144 lam,
371 2091 451 2146 quam
466 2074 535 2140 diti,
549 2073 727 2131 sententiam:
741 2091 751 2127 t
766 2073 893 2145 ltaqueet
908 2088 969 2141 nos,
983 2072 1028 2143 qui
1042 2073 1097 2128 sic·
1147 2077 1218 2125 tetur
1234 2084 1290 2124 nott
1311 2083 1372 2125 esse
1388 2083 1421 2125 eo
1438 2070 1548 2126 nomine
1562 2084 1612 2140 pro
1637 2069 1798 2125 monemista
1812 2067 1956 2124 aestiman-

293 2178 323 2224 ut
337 2167 511 2240 prophetias,
536 2168 571 2222 ita
590 2176 618 2223 et
637 2168 757 2224 usiones
780 2182 866 2223 novas
878 2168 982 2237 pariter
999 2179 1096 2235 repro·
1147 2161 1222 2217 dum.
1246 2160 1303 2216 llec
1324 2170 1414 2216 tamen
1427 2160 1502 2216 aliud
1525 2162 1666 2230 proterunt
1678 2163 1724 2233 qui
1737 2160 1817 2217 aliter
1831 2158 1955 2215 sentiunt

292 2262 391 2317 missas
414 2269 442 2317 et
460 2260 632 2331 agnoscimus
657 2270 685 2315 et
714 2260 879 2315 honoramus
896 2278 903 2326 ;
927 2270 1096 2337 ceterasque
1146 2253 1198 2309 Viri
1211 2267 1277 2309 iile
1291 2253 1400 2309 eruditi.
1416 2252 1479 2310 Μ(
1498 2252 1626 2325 ‘hildim
1642 2251 1792 2324 lubensque
1806 2252 1954 2323 ⁰0⁰oed⁰s

293 2356 409 2411 virtutes
432 2353 550 2425 Spiritus
571 2353 662 2410 Sancti
681 2353 715 2410 ad
736 2355 944 2411 instrumentum
964 2358 1096 2417 Ecclesiae
1147 2347 1174 2403 ἱ(
1189 2357 1244 2403 ¹⁰¹²
1254 2349 1304 2403 ΙΝ(
1318 2348 1353 2404 (¹⁰
1366 2347 1570 2418 lli⁰llh0fi³i¹¹¹¹¹
1587 2347 1767 2419 perpetuitate
1778 2356 1954 2420 argumenta·

294 2456 474 2518 reputamus,
498 2447 542 2501 eui
556 2456 582 2500 et
598 2444 696 2501 missus
718 2455 760 2502 est
774 2445 846 2501 idern
860 2448 949 2502 omitia
965 2448 1096 2507 donativa
1147 2440 1221 2495 tione
1240 2439 1417 2496 hilluclsselffi
1430 2455 1492 2496 0⁸⁸0
1502 2449 1630 2509 (θῑθῐθὸε
1647 2455 1698 2496 ¹¹00
1708 2440 1741 2495 ad
1754 2456 1848 2496 0⁰i¹¹¹¹¹
1860 2449 1956 2496 aucto-

292 2541 488 2599 arlministrans
502 2541 528 2594 in
548 2538 694 2605 omnibus,
710 2548 790 2609 prout
802 2540 946 2609 unicuique
959 2540 1098 2599 distribuis
1148 2534 1255 2590 ritatem
1270 2535 1442 2591 tttittuetttiaut
1458 2533 1533 2604 lacit,
1548 2535 1619 2606 ‹puod
1634 2536 1660 2590 td
1672 2551 1758 2607 genus
1768 2538 1870 2593 errvtris
1882 2537 1956 2594 allos

293 2633 438 2700 Dominus,
453 2629 607 2687 necessario
619 2639 647 2686 et
660 2629 818 2700 digerimus,
835 2638 862 2684 et
876 2631 909 2685 ad
920 2630 1035 2702 gloriam
1050 2633 1096 2689 liei
1150 2625 1360 2697 frequentesque
1384 2641 1575 2698 agnoscamus.
1592 2626 1648 2684 Nec
1669 2630 1742 2684 enirn
1759 2628 1831 2684 alind
1851 2628 1954 2687 ltabue·

295 2726 414 2783 lectione
426 2723 605 2780 celebramus.
626 2721 661 2779 lit
680 2738 714 2777 ne
727 2738 779 2795 pira
795 2731 841 2778 aut
853 2723 1036 2790 imbecillitas,
1052 2736 1099 2781 ant
1149 2726 1213 2773 runt
1230 2720 1372 2779 seutetttiae
1388 2733 1444 2773 stuc
1464 2718 1668 2775 tundamentum
1681 2735 1760 2789 quam
1777 2729 1869 2776 textus
1890 2721 1954 2779 illos

296 2816 452 2890 desperatio
467 2815 550 2882 idei,
577 2815 648 2887 apud
669 2824 777 2872 rcteres
788 2824 892 2870 tautum
906 2818 1022 2873 aestimet
1036 2834 1098 2890 gra·
1152 2823 1221 2879 titios
1245 2808 1375 2877 (ibimus,
1388 2809 1461 2866 unde
1476 2820 1587 2867 recline
1598 2811 1779 2882 atiumesslali
1793 2824 1873 2879 sunt,
1895 2831 1954 2872 ttott

299 2911 365 2968 tiam
382 2908 536 2965 divinitatis
552 2916 756 2971 conversatam,
779 2907 836 2964 sive
854 2918 1023 2981 martyrum,
1040 2912 1098 2967 sivo
1148 2900 1183 2957 (le
1196 2900 1352 2957 llitll¹l¹⁰¹ll⁰
1365 2916 1475 2970 eornm,
1501 2904 1549 2959 sed
1565 2919 1630 2959 Vero
1651 2901 1687 2959 (Ῐθ
1703 2903 1806 2975 iudith
1822 2916 1863 2961 0⁵1
1877 2922 1956 2977 <1¹1ae-

296 3005 326 3062 io
346 3001 542 3060 revelationum
560 3000 715 3071 dignatione
729 3018 737 3056 :
754 3015 815 3056 cum
829 3016 938 3072 semper
950 3003 1021 3060 Deus
1032 3018 1098 3074 ope
1149 2996 1212 3061 stio,
1223 2996 1249 3050 ln
1261 3011 1312 3067 dut
1326 2996 1429 3053 nullum
1442 2997 1543 3054 hahent
1554 3013 1569 3054 a
1580 3012 1628 3053 sus
1639 3005 1772 3055 vetustate
1784 2998 1953 3069 praesidium.

296 3105 375 3156 retur
389 3109 450 3168 quae
471 3092 648 3164 repromisit,
673 3107 727 3148 nott
750 3092 1098 3154 credentibusiutestimo·
1150 3090 1227 3161 Quod
1248 3108 1315 3151 vero
1339 3093 1403 3151 inde
1416 3093 1523 3163 iniero,
1545 3095 1580 3154 de
1604 3095 1676 3153 iacto
1692 3096 1909 3169 illosaguovisse
1924 3099 1954 3156 in

298 3188 374 3245 nium
390 3229 398 3253 ,
413 3185 587 3244 credentibus
609 3184 635 3240 in
650 3185 808 3241 benellcinm
822 3185 868 3260 (lu
882 3186 1015 3261 Protesi.
1036 3210 1046 3243 ι
1060 3190 1100 3247 Eo
1113 3191 1135 3254 c
1152 3200 1202 3242 suo
1217 3201 1323 3259 qrroque
1333 3191 1432 3245 saeculo
1445 3191 1610 3263 prophetias,
1622 3192 1649 3248 id
1662 3193 1717 3264 jam
1734 3196 1761 3248 itt
1777 3193 1847 3250 iacto
1860 3210 1956 3251 versa·

298 3280 410 3338 omnino
422 3286 528 3350 spectat
541 3286 595 3333 tota
610 3293 642 3333 ea
653 3277 802 3347 dtsputatio
816 3294 849 3334 ue
865 3279 952 3335 lraudi
966 3290 1040 3337 essct
1052 3297 1098 3338 se·
1150 3277 1232 3348 bitur,
1248 3280 1283 3336 de
1295 3297 1348 3353 quo
1363 3283 1546 3339 testimonium
1562 3299 1657 3341 eorum
1668 3285 1719 3341 erit
1730 3298 1780 3356 pro
1792 3300 1842 3341 suo
1854 3288 1956 3343 saeculo

298 3371 405 3429 cuturis
418 3369 568 3425 visionibus
582 3368 654 3437 qnod
669 3369 771 3426 ultituis
787 3370 916 3427 Ecclesiae
931 3375 1100 3445 temporibus
1150 3374 1346 3432 certissimum.

296 3463 359 3520 illas
374 3462 445 3518 lleus
457 3460 576 3517 revelare
592 3460 715 3532 dignatus
726 3464 771 3518 sit.
784 3462 813 3518 ld
827 3479 861 3520 ne
873 3473 956 3532 esset,
971 3465 1022 3523 ltoc
1048 3468 1098 3524 sibi

298 3559 469 3636 probandum
484 3559 609 3631 sumpsit,
622 3559 724 3614 ultimis
738 3560 866 3616 csseitlas
880 3564 1015 3634 precipue
1031 3575 1099 3621 teru-

298 3654 422 3727 poribus,
437 3666 599 3721 semperque
617 3654 652 3707 ad
665 3654 927 3711 consummationem
948 3672 1033 3728 usone
1047 3675 1099 3716 ex·

298 3747 458 3821 pectendos.
479 3744 607 3800 Poterant
629 3759 660 3800 ea
683 3743 805 3802 fortassis
819 3747 950 3806 adversus
970 3751 1101 3809 Ftbuicos

301 3841 373 3899 dicta
400 3838 483 3896 rideri
500 3880 508 3905 ,
534 3846 659 3910 poterant
671 3838 752 3894 etiarn
766 3839 896 3898 adversus
910 3846 1098 3903 montanistas.

300 3931 399 3992 Contra
420 3930 596 3988 montanistas
621 3931 710 4000 potius
734 3932 804 3988 dicta
829 3933 1013 4005 crediderim,
1037 3939 1101 4009 quia

298 4047 359 4105 qum
373 4031 497 4095 dixerat,
512 4043 543 4086 ea
557 4027 756 4098 Scripturarutn
773 4030 926 4087 testimonio
950 4034 1100 4092 conlirma-

300 4125 351 4181 vit.
376 4122 405 4178 ld
431 4135 497 4177 sane
512 4118 683 4175 manifestum
693 4122 736 4177 e'st
749 4137 810 4192 quau
823 4122 866 4178 hic
879 4125 1029 4195 protulerat
1041 4143 1102 4185 esse

301 4214 374 4287 apud
397 4227 461 4268 suus
488 4211 515 4267 in
537 4211 681 4280 contessa,
707 4214 810 4284 quoda
830 4218 993 4275 montanista
1019 4221 1101 4278 scribi

303 4308 415 4366 omnino
428 4320 481 4360 non
495 4313 610 4375 poterat.

341 4400 356 4474 p
371 4396 653 4456 15.-Noteturenirn
668 4399 792 4468 inprimis
805 4403 903 4473 scripta
917 4417 978 4461 esse
989 4405 1023 4462 ab
1036 4420 1102 4462 auc·

304 4506 366 4552 tore
387 4505 459 4545 anno
484 4487 589 4543 homini
608 4504 670 4552 cart,
685 4489 711 4544 id
725 4504 777 4557 est,
791 4507 863 4548 anno
874 4494 909 4550 ab
923 4496 997 4552 obitu
1019 4498 1103 4554 ilari·

1188 3465 1203 3540 5
1219 3465 1355 3524 il.-Sed
1371 3475 1399 3523 ut
1409 3467 1532 3533 eomodo
1541 3468 1661 3541 digressa
1675 3480 1727 3539 est,
1742 3470 1837 3528 redeat
1849 3471 1954 3539 oratio,

1151 3560 1245 3616 eadem
1259 3576 1310 3632 qua
1325 3576 1412 3632 passm
1423 3573 1487 3619 sum
1497 3563 1666 3633 Perpetuaet
1679 3563 1829 3633 Felicitas,
1856 3564 1955 3622 Severi

1151 3654 1351 3725 persecutione,
1373 3656 1554 3712 occurerebant
1578 3663 1606 3712 et
1628 3656 1681 3711 alia
1704 3655 1838 3712 visionum
1858 3671 1954 3713 erent·

1152 3748 1196 3819 pla
1215 3748 1323 3819 (tactor
1338 3749 1485 3821 iacopnitur
1499 3750 1560 3806 ado.
1579 3749 1725 3806 Artemonis
1752 3751 1882 3819 heresin,
1907 3768 1955 3822 up.

1153 3838 1261 3908 disset,
1272 3840 1343 3896 Hirr.
1354 3842 1430 3906 eccl„
1447 3858 1474 3907 v,
1487 3840 1545 3910 28).
1562 3841 1665 3898 Natalis
1677 3842 1800 3913 inprimis
1813 3842 1957 3899 consessu·

1151 3933 1190 3988 ris
1203 3932 1247 3988 illa
1262 3933 1313 3988 sub
1323 3948 1436 3990 rotrtano
1452 3934 1579 4004 pontiliee
1589 3934 1755 4007 Zephyrion,
1770 3932 1864 4017 quaab
1876 3937 1956 3992 tirte-

1152 4023 1240 4080 monis
1256 4026 1353 4081 haeresi
1363 4025 1398 4082 ad
1411 4026 1575 4084 catholicam
1590 4028 1738 4083 Ecclesiam
1753 4039 1897 4085 revocatus
1909 4036 1955 4085 est

1154 4116 1260 4184 (Fusci.
1278 4159 1286 4185 ,
1311 4116 1380 4175 ilict.
1394 4121 1470 4187 eccl,
1485 4135 1523 4185 vt,
1537 4119 1578 4191 5).
1600 4118 1669 4175 'lunt
1683 4120 1856 4177 Potamiaenae
1869 4120 1931 4175 aliae
1945 4161 1956 4191 ,

1153 4211 1251 4284 quibus
1265 4227 1318 4268 uon
1333 4212 1464 4269 basilides
1477 4214 1569 4280 modo,
1587 4215 1635 4270 sed
1653 4225 1680 4269 et
1707 4215 1753 4269 alii
1775 4215 1956 4274 alexandrini

1153 4306 1245 4375 plures
1257 4304 1292 4359 ad
1308 4304 1387 4361 fidem
1401 4304 1577 4362 christianam
1588 4306 1714 4361 conversi
1729 4317 1803 4362 sunt.
1814 4306 1955 4366 Praeterea

1153 4398 1334 4455 revelationes
1344 4399 1517 4470 visionesque
1536 4400 1613 4466 aliar,
1631 4414 1745 4470 quarum
1762 4400 1848 4472 prima
1861 4401 1957 4472 jussus

1154 4497 1197 4545 est
1210 4489 1364 4545 Alexander
1387 4507 1403 4546 e
1427 4488 1599 4561 Cappadocia
1621 4499 1649 4545 ut
1664 4491 1691 4546 in
1707 4489 1879 4548 Palaestinam
1903 4492 1957 4547 mi-

306 4582 390 4645 mitta
404 4579 512 4635 circiter
525 4594 609 4640 usur:
624 4579 777 4638 decessisse
791 4584 862 4638 euim
885 4585 958 4642 illam
982 4589 1104 4647 divimus
1116 4588 1143 4649 l)
1156 4594 1247 4653 graret
1266 4581 1386 4656 (unico,
1398 4584 1445 4652 fib,
1460 4600 1483 4637 θ·
1496 4582 1553 4656 ¹¹),
1574 4585 1691 4641 iflcllssdi
1705 4594 1785 4656 atque
1801 4585 1878 4642 iiiiii
1892 4600 1957 4643 (Μ

303 4670 469 4738 annoliprci
483 4670 597 4737 ultinro,
610 4669 700 4736 idest,
719 4671 795 4728 bont.
810 4688 919 4730 utatur.
934 4679 1015 4749 Atqui
1030 4697 1062 4736 cn
1077 4683 1100 4738 si
1155 4689 1223 4732 voce
1245 4675 1350 4733 coelesti
1371 4692 1453 4747 quant
1473 4653 1566 4759 ipm
1583 4677 1721 4747 appellant
1734 4675 1841 4742 iudet.
1857 4676 1957 4749 quibus

303 4780 371 4824 vera
388 4765 481 4820 luisset
493 4761 673 4833 prophetissa,
682 4779 735 4820 uon
748 4764 804 4835 iam
818 4766 888 4824 altus
899 4779 957 4826 erat
972 4774 1103 4844 propheta
1155 4771 1251 4827 moniti
1264 4779 1328 4827 sunt
1339 4787 1400 4828 cunt
1415 4771 1550 4844 Episcopo
1558 4769 1866 4844 suoilierosolymitani,
1880 4786 1956 4827 eutu-

303 4854 499 4929 erpectandus.
515 4854 565 4923 Qui
579 4855 659 4925 igitur
672 4856 741 4912 alius
751 4858 839 4916 adbuc
852 4867 1015 4934 expectavit,
1029 4882 1103 4925 sent·

301 4966 352 5023 per
363 4947 544 5019 expectandos
558 4948 732 5018 existimavit,
746 4951 803 5007 llari
816 4968 869 5010 noo
885 4964 973 5025 potest
989 4967 1017 5014 ut
1029 4961 1102 5018 illam

303 5060 355 5116 pro
374 5059 437 5099 vera
454 5041 625 5113 prophetissa
641 5029 786 5112 lraltucrlt,
802 5063 852 5104 nee
867 5051 982 5121 proinde
994 5065 1101 5111 utonta·

303 5138 375 5195 trista
388 5150 450 5191 esse
463 5137 558 5204 potnit.
569 5133 734 5206 Quanrnuam
747 5138 819 5194 enim
835 5156 867 5197 ea
881 5142 993 5199 barecis
1008 5156 1102 5216 postca

306 5230 333 5286 iu
346 5228 435 5284 uarius
449 5225 548 5283 deinde
560 5235 648 5283 sectas
661 5227 802 5287 distributa
815 5231 912 5298 luerim
925 5234 951 5289 in
967 5252 1001 5292 eo
1013 5246 1104 5296 tanam

304 5333 401 5377 omnes
424 5316 621 5377 conveniebant
637 5358 645 5385 ,
668 5320 769 5388 primas
784 5323 843 5378 illas
855 5326 1039 5395 mulierculas,
1053 5348 1103 5402 pro

304 5408 483 5483 prophetissis
496 5407 580 5463 luisse
590 5411 788 5479 agnoscendas.
799 5413 913 5471 Notetur
930 5418 963 5473 2⁰
977 5428 1007 5476 ut
1018 5435 1101 5478 seusu

301 5497 495 5570 benignissimo
518 5498 671 5556 llaritniilae
686 5502 768 5558 rerba
786 5506 1006 5577 interpretemur,
1026 5521 1055 5569 et
1067 5515 1101 5571 de

300 5591 460 5653 mulieribus
484 5593 683 5663 prophetissis,
701 5612 754 5651 non
768 5596 803 5653 de
816 5599 882 5656 viris
903 5604 1045 5675 prophetis
1059 5608 1101 5664 in-

301 5687 455 5757 telligamus
470 5700 479 5741 r
495 5700 529 5740 ne
540 5687 575 5741 ita
589 5686 698 5759 quidem
715 5689 977 5763 uancpraelnioncn
996 5715 1011 5753 a
1024 5717 1102 5758 mon-

302 5781 400 5844 tanista
419 5775 501 5837 scribi
520 5776 652 5850 potuisse.
670 5781 813 5856 eerpctnc
830 5787 903 5846 enin
922 5791 1101 5863 prophetissae

1155 4865 1215 4922 deut
1241 4867 1424 4924 Alexandrum
1445 4873 1475 4921 ut
1497 4866 1524 4919 iu
1553 4865 1744 4936 Episcopatum
1769 4864 1957 4921 admitterent.

1155 4959 1211 5015 Sub
1236 4960 1380 5017 llatimiuo
1402 4958 1446 5014 vel
1472 4956 1609 5014 Gordiano
1628 4955 1766 5012 Fabianus
1787 4956 1957 5013 revelatione

1152 5051 1249 5107 Divina
1263 5049 1350 5106 lactus
1363 5059 1404 5107 est
1420 5050 1569 5120 Episcopus
1584 5046 1692 5117 tecet.
1705 5089 1712 5113 ,
1726 5047 1796 5103 ilict.
1811 5046 1890 5112 eccl,
1905 5061 1932 5101 vt
1946 5087 1954 5113 ,

1154 5144 1212 5214 eut,
1237 5141 1286 5213 Sp.
1300 5145 1330 5197 S.
1352 5143 1379 5197 iu
1396 5142 1496 5210 illurn,
1518 5140 1651 5197 columbae
1662 5139 1753 5210 specie
1767 5138 1901 5208 delapso,
1921 5137 1959 5193 ad

1154 5235 1277 5292 eamdem
1300 5235 1382 5307 plane
1405 5235 1519 5291 loturam
1532 5251 1585 5306 qua
1602 5235 1629 5290 in
1644 5230 1813 5290 salvatorem
1826 5230 1956 5303 delapsus

1154 5326 1253 5383 luerat.

1193 5420 1208 5493 5
1222 5421 1303 5478 tt.-
1316 5418 1374 5477 Sub
1386 5419 1534 5487 Gordiano,
1547 5420 1588 5477 vel
1600 5418 1687 5489 potius
1703 5419 1818 5475 tortasse
1831 5411 1956 5486 Philippo

1155 5529 1220 5571 suos
1232 5516 1364 5572 adversus
1387 5515 1496 5572 Celsum
1513 5525 1602 5572 tontes
1616 5513 1759 5585 scripsisse
1774 5507 1878 5569 videtur
1892 5509 1956 5565 Ori·

1153 5624 1256 5679 geues;
1281 5624 1332 5666 nec
1355 5611 1427 5665 entim
1448 5611 1541 5671 στάσις
1557 5609 1601 5664 illa
1616 5613 1695 5680 cujus
1708 5605 1831 5664 meminit
1845 5618 1873 5674 p.
1890 5601 1954 5670 ¹20,

1153 5701 1187 5757 ad
1199 5717 1285 5773 remp.
1300 5701 1443 5759 reicienda
1456 5709 1499 5758 est
1511 5699 1521 5772 l
1532 5699 1591 5756 tat.
1602 5717 1641 5771 ut,
1656 5702 1714 5757 ortt.
1730 5695 1824 5770 ceu),
1838 5703 1867 5750 ut
1879 5704 1956 5766 puta·

1155 5797 1193 5853 vit
1218 5795 1375 5871 interpres,
1401 5796 1450 5855 sed
1472 5795 1506 5853 acl
1525 5806 1614 5855 sectas
1640 5793 1729 5866 potius
1743 5790 1953 5852 christianorum
2055 5843 2056 5860 ,
