4150 6250
198 351 250 409 ltu
910 364 1013 424 ursuli
1032 368 1169 429 PRIMUS.
1795 382 1848 440 ltu

132 520 139 527 .
237 471 369 529 cuturn
379 474 553 532 &trumuini
566 474 767 550 erudiendosque
785 478 908 548 uantur,
923 490 995 537 toria
1009 486 1034 546 A
1048 482 1119 549 Quid
1130 485 1197 539 euim
1211 485 1332 557 iniquies,
1344 486 1435 558 inquit,
1447 498 1472 544 et
1483 490 1623 558 crudelius,
1636 504 1713 563 puarn
1725 468 1847 552 ablutum

231 564 345 634 unicae,
371 578 469 638 pmnca
494 564 610 627 tioirt'ate
623 582 728 642 puerum
746 586 802 629 rear
817 586 844 629 ii
856 573 889 630 ab
910 574 997 644 impiis
1038 602 1043 611 ·
1084 578 1200 633 emnium
1210 577 1349 636 Decumum
1364 584 1501 654 martirque
1515 586 1681 640 extinctorem
1695 587 1844 644 initiarerm

231 659 323 715 meisi.
657 682 663 695 ·
869 662 935 737 cap.
948 666 992 723 bb.
1083 668 1299 745 oiuimeremper
1318 674 1449 744 lacessere,
1465 678 1509 747 pici
1522 679 1645 749 permittit
1664 689 1746 734 marte
1761 681 1845 736 bomi-

196 749 362 824 Qloiirmr
383 753 512 812 ommni
529 754 624 812 urbii
640 758 931 830 emunctoriorum
955 769 995 812 ld·
1082 767 1133 834 nir,
1160 778 1235 838 prem
1258 770 1382 841 perlubet,
1410 780 1505 826 culam
1530 774 1564 828 de
1584 775 1673 846 {utura
1697 775 1844 830 uictimarum

230 848 305 903 maii
327 842 445 920 mannii
470 851 570 906 ibium
594 851 724 923 dolarent
747 852 855 908 donam
878 852 993 917 ullumne
1080 856 1347 933 ieiunantibus,
1370 866 1393 921 ii
1407 867 1448 936 pie
1461 867 1616 937 ιιιιιιιιιιι,
1639 874 1710 941 rpem
1725 871 1842 926 eincdbue

229 942 299 995 amni
309 938 491 1014 impieretiiic
501 945 604 1001 utlaii
615 954 706 1018 periere
722 946 989 1002 contaminatissim-
1077 955 1156 1026 purim
1714 963 1778 1037 cup.
1794 964 1840 1022 65.

228 1032 277 1088 iiiii
289 1034 439 1089 eeiadmrit
453 1030 574 1093 bellom
590 1038 731 1110 ttmeiipii
750 1038 894 1106 derainer
907 1038 990 1095 ialam

227 1122 394 1184 molliculum
407 1128 549 1199 coiciunt,
564 1141 660 1200 inum,
679 1132 821 1187 nummum
838 1134 991 1188 nemesion
1078 1133 1099 1188 i.
1114 1133 1378 1207 manlamcomperi
1401 1139 1555 1208 nonnullos,
1576 1142 1622 1213 lpii
1644 1156 1674 1200 ee
1696 1144 1840 1216 plurimum

225 1222 379 1276 maurini
398 1222 538 1293 nuntiata,
562 1222 723 1296 iniquissimo
737 1234 814 1297 atoue
831 1224 991 1297 implacabili
1042 1238 1139 1299 sapere
1162 1230 1218 1285 suis
1240 1232 1461 1302 persuasionibus
1480 1234 1604 1305 credunt,
1629 1237 1758 1308 insanire,
1775 1236 1841 1298 bae-

223 1312 517 1387 compunccionem.
867 1318 932 1390 Cap.
944 1319 988 1375 bl.
1042 1319 1129 1389 ebrii,
1140 1329 1168 1378 et
1177 1321 1251 1378 retur
1259 1322 1387 1395 quiddam
1402 1334 1599 1399 promptumex
1608 1332 1720 1390 oraculo
1733 1332 1838 1392 dicere:

864 1456 1146 1517 COMMENTARIUS.

220 1584 325 1650 Aluum
348 1592 559 1665 Disputulioitunl
580 1593 811 1664 minorentur
834 1594 893 1649 tion
911 1592 979 1649 Vll.
1031 1603 1091 1649 retii
1114 1594 1141 1649 in
1163 1595 1303 1664 precariis
1321 1597 1414 1663 libris,
1440 1600 1579 1671 inquibus
1593 1605 1693 1678 legitur
1708 1616 1836 1667 unnim:

182 1665 247 1727 blac
267 1675 309 1722 est
330 1667 427 1721 borum
450 1666 579 1722 librorum
605 1668 637 1722 ir
664 1671 731 1743 pcipi
753 1667 780 1720 in
795 1665 916 1722 editione
937 1682 981 1720 ro-
1033 1662 1131 1735 lncipit
1151 1668 1255 1737 primus
1271 1667 1603 1742 liberolecuuiorpboieos
1619 1679 1734 1748 Apiiieii.
1752 1684 1838 1751 Atque

210 1742 277 1807 aaa,
300 1746 328 1793 et
347 1737 407 1792 aliis
426 1739 552 1793 omnibus
565 1751 625 1807 quie
640 1754 654 1791 a
688 1753 719 1793 ea
736 1749 889 1809 propagatae
908 1748 982 1792 scint.
1034 1736 1070 1791 ila
1084 1737 1213 1808 deinceps
1228 1749 1255 1793 ct
1268 1738 1295 1792 in
1309 1741 1415 1795 eatenis
1425 1742 1485 1797 e'iis
1499 1745 1616 1817 scriptis.
1633 1750 1704 1806 Saite
1718 1754 1789 1823 quod
1804 1753 1838 1807 ad

180 1754 217 1866 ili
232 1806 259 1863 iii
276 1818 327 1863 ms.
343 1804 631 1877 obseruantseriptiim
642 1806 907 1863 Aduerauaucitienel.
928 1807 983 1863 lies
1035 1804 1170 1877 Agellium
1193 1817 1220 1863 et
1242 1809 1387 1877 Apuleium
1411 1824 1436 1866 ai
1451 1813 1524 1875 inei.
1549 1822 1629 1886 greci
1651 1822 1734 1876 morie
1750 1822 1837 1879 imita-

180 1882 236 1936 lina
255 1884 283 1935 cl
302 1881 462 1936 eidemin.
479 1880 538 1949 lpse
552 1886 644 1935 nctster
658 1880 705 1934 lto.
720 1890 749 1934 tu
764 1879 912 1935 :Adnniiil
930 1892 981 1934 cre·
1037 1880 1110 1933 tione
1124 1878 1150 1934 id
1163 1894 1211 1936 eos
1226 1880 1362 1937 factitasse
1377 1885 1532 1940 verosimile
1547 1896 1603 1950 est,
1620 1892 1698 1960 cujus
1713 1900 1837 1965 magnam

182 1952 299 2008 licinii
315 1968 446 2008 menium
464 1962 546 2008 mente
563 1962 618 2005 uua
633 1962 785 2007 concurrere
798 1961 884 2023 muter
900 1960 923 2004 et
937 1966 983 2021 pa·
1037 1950 1065 2005 iii
1078 1951 1204 2006 omnibns
1217 1950 1415 2011 incentionem
1431 1955 1557 2026 produnt.
1578 1958 1678 2017 Varum
1698 1972 1726 2019 el
1749 1968 1837 2021 Arun-

183 2024 260 2105 piilor
283 2024 330 2077 ecit
369 2033 392 2078 ct
406 2023 518 2077 morione
537 2022 723 2076 disciniilliniici
737 2024 861 2078 nationes.
886 2005 1098 2085 cuinullum
1114 2037 1210 2078 iiuiiien
1227 2038 1301 2077 merc
1315 2040 1431 2093 graccum
1448 2036 1499 2082 cst.
1520 2028 1654 2107 'Apaibcie
1667 2043 1699 2089 ιιι
1710 2038 1838 2103 umidius,

184 2107 246 2161 cap.
260 2026 295 2151 lb
307 2112 314 2150 ε
328 2065 397 2161 (titii
409 2093 504 2155 dicitis,
516 2109 531 2147 a
542 2088 646 2163 perclusi
660 2088 721 2160 quid
735 2090 883 2164 liujueniodi
895 2090 987 2149 dedite
1036 2094 1190 2170 serapidem,
1214 2095 1345 2159 ualidior.
1370 2095 1427 2179 Nec
1445 2100 1516 2154 enim
1540 2105 1705 2171 gentilicium
1729 2119 1788 2176 cst,
1811 2122 1840 2166 ui

186 2165 349 2236 opinionibus
366 2165 503 2220 naciones?
527 2164 651 2219 iniideles
668 2180 764 2219 omnes
784 2165 877 2235 pupuli
895 2168 988 2233 appel·
1038 2165 1182 2233 Apuleius,
1204 2167 1251 2221 sed
1270 2175 1298 2221 ut
1313 2182 1461 2235 graecatitcu
1475 2171 1542 2226 dura
1562 2177 1763 2232 nomenclatura
1778 2190 1836 2248 est,

186 2235 277 2292 licitur
299 2238 325 2289 ici
347 2236 421 2291 libris
442 2235 545 2290 ueteris
564 2233 731 2290 Testamenti
749 2228 827 2303 nid,
842 2246 869 2289 et
884 2230 945 2289 liudo
960 2232 988 2292 in'
1037 2230 1074 2288 ila
1095 2250 1130 2291 ei
1146 2242 1239 2291 eorum
1264 2240 1402 2292 nominum
1424 2254 1523 2305 genere
1544 2244 1653 2315 existit,
1677 2263 1737 2317 (ιιι
1751 2252 1839 2308 uicem

187 2307 345 2378 apostolicis
355 2307 431 2363 libris
444 2314 472 2362 et
485 2306 711 2375 eiaiigclistaruiii
723 2308 887 2363 iicoiiumenti
914 2306 985 2371 ebra:
1037 2308 1206 2376 cognominis
1232 2309 1258 2362 iii
1278 2309 1383 2364 libertis
1405 2309 1505 2365 habere
1526 2316 1603 2370 solita
1622 2329 1710 2385 erant,
1734 2336 1839 2391 priuno-

188 2393 287 2448 nempe
299 2380 360 2448 quia
374 2387 471 2447 prater
491 2377 619 2447 pupulum
636 2370 691 2431 lico
709 2370 874 2447 peculiarem
887 2322 987 2435 iudam
1038 2378 1153 2432 iiiiiicac
1164 2380 1274 2461 nominc
1286 2380 1456 2461 dominorum
1471 2386 1631 2466 {irrepositis
1646 2382 1746 2444 Liberti
1758 2396 1836 2463 accip·

189 2451 312 2504 terminis
326 2449 475 2514 inclusum,
496 2457 524 2503 et
538 2457 631 2518 postca
645 2462 743 2519 praeter
765 2464 867 2520 paucos
880 2448 985 2516 fideles,
1038 2452 1087 2516 pe,
1109 2463 1277 2519 prmimmme
1296 2465 1328 2505 ac
1348 2467 1458 2530 nonnae
1477 2454 1578 2510 domini
1594 2457 1713 2523 adscito,
1730 2463 1838 2519 tertium

189 2530 285 2592 gentes
303 2535 398 2575 omnes
419 2520 479 2574 alie
494 2530 522 2573 et
542 2521 684 2584 nationes,
706 2535 771 2574 cerci
783 2521 838 2574 lieo
854 2522 985 2591 ignorato,
1038 2533 1117 2573 suum
1136 2520 1272 2575 addebant
1286 2538 1423 2591 proprium
1444 2532 1471 2577 et
1484 2540 1611 2594 grecum.
1633 2529 1763 2598 Exempla
1778 2549 1839 2604 pas·

190 2592 271 2648 idetis
285 2592 447 2647 semiobunl.
465 2588 533 2644 1111ιιι
549 2590 629 2660 igilur
643 2594 721 2645 retus
734 2592 856 2647 Ecclesia
869 2593 987 2663 appelia-
1038 2588 1089 2644 sint
1105 2590 1183 2645 obiti
1198 2593 1268 2661 apud
1281 2594 1406 2646 auctores
1417 2602 1443 2647 ei
1458 2593 1485 2648 in
1501 2598 1617 2667 antiquis
1633 2597 1836 2671 inscriptionum

194 2662 350 2718 tluoesillas
361 2661 481 2728 retiuciit,
492 2661 591 2728 donec,
603 2658 892 2718 ruenteictcctuliiiiaec
902 2664 988 2717 elicis-
1037 2663 1229 2717 monumentis.
1243 2662 1287 2718 Sic
1301 2664 1375 2716 uicini
1386 2671 1447 2719 aesc
1462 2669 1594 2722 uocabant
1607 2687 1613 2723 ε
1627 2671 1659 2725 A.
1675 2672 1836 2742 oenotrios,

191 2735 262 2789 cium
277 2735 378 2802 ploate
392 2732 470 2803 louge
483 2733 589 2802 latenas
601 2730 770 2789 dimicetur
782 2746 832 2799 se,
849 2734 930 2788 laetu
945 2748 988 2789 re·
1038 2733 1072 2786 A.
1090 2731 1120 2786 1,.
1134 2732 1275 2798 inrisus,
1302 2738 1353 2787 une
1377 2743 1419 2789 est
1439 2737 1524 2791 Aulus
1542 2742 1703 2809 Appuleius,
1728 2746 1788 2800 Auli
1804 2748 1838 2802 ti-

191 2821 251 2861 rum
269 2807 365 2861 mutari
380 2816 468 2874 erepta
482 2814 534 2859 est.
553 2803 629 2859 Tunc
640 2806 732 2871 enirn,
752 2818 833 2875 einim
848 2806 987 2860 christiani
1038 2801 1141 2873 bertus,
1156 2804 1289 2871 Thiasus.
1304 2804 1407 2860 liomcn
1422 2809 1623 2879 semigraecam
1637 2813 1776 2886 Ttipisuc,
1792 2820 1838 2887 qui

191 2876 371 2947 tmpeiicuies
395 2880 527 2947 lucrorum
540 2864 599 2930 orbi
623 2877 802 2947 prosilierint.
817 2882 844 2932 et
859 2876 988 2933 Ecclesiae
1040 2874 1179 2930 dominum
1200 2875 1294 2931 oaouit
1318 2877 1417 2933 Aulula
1438 2882 1619 2950 Appuleium,
1648 2886 1687 2940 sic
1713 2899 1836 2944 roceium

190 2946 300 3003 Clusinio
313 2949 412 3019 uirique
423 2938 620 3008 coiidcrontu‘r,
636 2956 728 3002 coutrtt
742 2948 874 3004 idolorum
889 2948 988 3017 templa
1040 2948 1207 3016 pronomine
1220 2950 1368 3005 eunomiae
1384 2966 1390 3001 :
1405 2964 1553 3019 cogitamen
1572 2954 1719 3023 ignoratur.
1743 2958 1785 3013 Ab
1804 2976 1837 3016 eo

190 3019 382 3075 clauderentur
404 3022 432 3075 el
452 3022 656 3085 eieitercnllir,
679 3019 758 3073 simul
780 3026 841 3076 eum
868 3018 987 3089 appelle-
1040 3019 1231 3085 manumissus,
1243 3029 1382 3086 assumpto
1395 3024 1562 3091 maeiiomiuc
1576 3033 1604 3080 ct
1620 3027 1738 3093 nomine,
1756 3046 1837 3085 noca·

190 3092 272 3148 lionis
287 3099 379 3156 eausa,
401 3090 545 3161 appetieris
567 3090 675 3161 acieque
693 3088 738 3147 illa
762 3099 861 3146 memte
882 3098 938 3156 est;
962 3098 989 3145 et
1040 3097 1084 3144 tus
1097 3098 1139 3146 cst
1157 3088 1241 3146 Aulus
1263 3091 1409 3161 Appuleius
1427 3092 1560 3166 ilipaeus.
1584 3095 1640 3153 lloc
1661 3098 1687 3154 in
1711 3102 1836 3159 omnibus

189 3169 241 3234 pro
258 3163 422 3228 nationibus,
438 3162 583 3232 pentibus,
597 3163 728 3226 cronicis,
745 3163 841 3233 pagani
856 3161 988 3231 appellari
1041 3173 1171 3233 perpetue
1185 3171 1211 3219 ei
1224 3173 1381 3218 constanter
1394 3164 1575 3222 obseruatum.
1597 3166 1731 3225 Libertini
1746 3181 1836 3228 acitem

190 3243 346 3305 creperum,
365 3234 464 3304 quippe
486 3248 539 3288 icon
558 3232 674 3302 amplius
688 3243 820 3289 terrarum
834 3231 928 3289 orbem
943 3245 989 3288 oc·
1026 3251 1027 3254 ¹
1041 3245 1139 3288 nomen
1149 3235 1285 3304 proprium
1297 3245 1450 3304 paternum,
1461 3236 1533 3306 quod
1546 3239 1572 3293 in
1582 3242 1723 3304 patreiicc
1736 3257 1836 3314 cogno*

189 3305 340 3376 cupientes,
365 3303 412 3360 sed
430 3305 456 3360 in
472 3307 615 3376 angustum
629 3307 768 3364 coarctati.
783 3314 810 3359 ct
823 3305 898 3374 quasi
915 3305 989 3374 mgis
1041 3304 1122 3361 minis
1137 3307 1202 3372 luit,
1223 3314 1283 3375 pust
1302 3306 1423 3375 ejusdem
1437 3309 1679 3378 emancipationem
1694 3324 1836 3370 conuerte·

189 3384 294 3432 uentum
317 3375 476 3447 quibusdam
499 3375 630 3429 eoiiciusi.
658 3374 713 3432 Nec
730 3376 824 3432 dubito
844 3376 908 3445 quin
930 3373 988 3429 baec
1002 3396 1025 3460 C
1040 3372 1105 3429 baut
1130 3377 1156 3432 iii
1181 3389 1278 3431 nomen
1304 3378 1379 3447 cpnas'i
1399 3380 1584 3446 gentilicium,
1612 3397 1643 3437 ac
1668 3385 1702 3440 de
1729 3387 1837 3443 noiiiine

188 3457 253 3504 stru
280 3447 469 3518 appellationis
494 3448 563 3500 ratio
587 3446 686 3512 iueril;
715 3455 742 3501 at
764 3461 796 3503 iic
823 3447 985 3501 sententiani
1059 3449 1146 3502 alconi
1171 3448 1309 3518 gentilicio
1336 3453 1491 3518 prunoicieii
1519 3451 1677 3523 pierumque
1705 3454 1837 3512 iaciebant

189 3535 279 3575 meam
303 3535 356 3574 iion
379 3517 509 3573 inutiliter
530 3516 664 3590 allinunt,
686 3463 760 3588 nicei
777 3517 812 3574 ab
831 3517 892 3571 aliis
905 3519 987 3572 etiam
1039 3459 1092 3572 inc
1108 3519 1214 3575 modo:
1240 3518 1348 3574 Flauius
1368 3515 1507 3587 Sosipater
1524 3522 1672 3578 concisius.
1699 3525 1837 3597 Sosipater

189 3587 362 3647 obsecratum
388 3600 448 3653 est,
481 3590 644 3657 incognitam
673 3587 756 3645 luisse
779 3589 987 3660 appellationem
1038 3603 1138 3644 nomeu
1160 3590 1320 3661 proprium,
1340 3583 1477 3646 Cbarisius
1496 3593 1589 3661 patris.
1614 3592 1769 3664 Sosipater,
1791 3600 1836 3668 qni

188 3662 289 3724 main,-
310 3667 453 3731 europiam
472 3660 506 3714 ad
521 3662 681 3715 clirisiiauos
700 3662 877 3732 imperatores
894 3661 987 3731 impe
1038 3659 1147 3715 Flavius
1170 3661 1378 3722 nominabatur,
1407 3663 1441 3716 ab
1465 3663 1555 3733 aliquo
1576 3673 1688 3733 patrono
1708 3679 1740 3720 ex
1756 3679 1836 3736 gente

189 3734 261 3791 riam
273 3733 428 3788 deuoluimn
440 3739 521 3787 essen
542 3730 695 3787 Hunitous.
1038 3727 1129 3785 Flauia
1152 3733 1342 3787 macininissiis.
1369 3733 1413 3789 Sic
1439 3733 1486 3789 ute
1508 3731 1630 3807 'lliyasus
1649 3738 1671 3791 si
1691 3735 1774 3792 lilium
1789 3738 1837 3792 lia-

226 3801 431 3867 Eirurmeiuo
452 3803 646 3859 dommenmril
668 3802 827 3860 brimuslaui
853 3803 879 3858 lii
900 3802 986 3859 Arno·
1038 3799 1142 3857 buissec
1166 3804 1273 3858 nomine
1307 3803 1545 3874 Epaptiruditum,
1576 3806 1615 3861 sic
1641 3811 1837 3874 ncincupaiiclus

188 3875 263 3933 uun
285 3874 359 3930 edito
382 3875 462 3931 abl.
482 3877 514 3929 A.
540 3872 663 3930 Fabricio
684 3875 718 3928 ad
744 3875 847 3929 calcem
873 3883 985 3941 operum
1038 3872 1186 3928 seecundum
1203 3875 1271 3929 lianc
1285 3875 1405 3943 repciiani
1419 3876 1698 3946 ueniret:Appcileius
1712 3878 1836 3950 'lopuscis

189 3952 276 4003 sancii
291 3946 438 4018 ilippoiyti,
453 3953 518 4000 tunt.
535 3960 574 4008 u,
592 3955 651 4015 pag.
668 3945 797 4008 tus-tsi,
813 3945 857 3999 not
872 3945 913 3999 vir
925 3953 986 3998 eru·
1037 3941 1246 4013 Epaphrodilus.
1270 3945 1422 4015 Aliquando
1442 3947 1523 4002 eliam
1546 3961 1703 4016 praenomen
1730 3951 1835 4019 patiani

189 4011 302 4074 dicionts
323 4021 462 4074 intimetisle
485 4017 519 4071 de
545 4011 700 4072 nominibus
724 4027 751 4070 et
778 4015 986 4086 pronominibus
1036 4015 1143 4085 paterni
1174 4016 1328 4070 retinebuut
1356 4017 1483 4072 libertini.
1509 4018 1740 4085 Queiiiacimodum
1772 4036 1836 4076 vcro

189 4087 372 4145 Romanorum
386 4128 394 4155 ,
406 4091 484 4144 mulo
497 4091 563 4154 suo,-
584 4090 674 4157 ample
688 4089 763 4150 satis,
778 4086 826 4141 sed
839 4087 919 4141 docte
931 4086 986 4142 dis·
1038 4085 1115 4156 plora
1129 4087 1236 4140 nomina
1258 4086 1383 4142 habuisse
1399 4088 1507 4142 ridetur
1521 4083 1655 4145 Ariiccbius
1670 4132 1676 4155 ,
1698 4090 1735 4146 ita
1748 4091 1836 4147 incer·

236 4171 280 4220 it.
301 4159 460 4228 pimtesrcci
475 4165 536 4229 ecio
555 4159 588 4212 ad
609 4173 707 4214 nomen
720 4158 832 4214 Arnubii
845 4175 857 4211 s
878 4166 985 4223 ectaiit,
1037 4164 1095 4210 lain
1109 4161 1160 4222 cst,
1175 4165 1264 4212 utrum
1281 4157 1397 4212 ncini‘iiiis
1412 4169 1447 4211 aii
1461 4161 1629 4230 cognominis
1641 4163 1666 4217 ei
1681 4161 1741 4218 loeo
1754 4161 1836 4219 luerit

188 4165 235 4287 iii
254 4229 389 4289 derisisse
408 4232 532 4286 sollioiar.
550 4227 645 4300 lcic'iptt
665 4241 787 4300 quieuere
803 4229 843 4283 rir
861 4173 987 4283 ilociiesi-
1037 4226 1258 4299 becappettaciu.
1271 4228 1334 4284 ilaec
1347 4227 1504 4285 Salmasius.

187 4313 249 4358 titus
271 4307 468 4374 qnirdcloomii
482 4299 676 4356 llritob'i'inude
690 4300 733 4356 liic
750 4300 851 4369 ubsque
878 4301 1011 4369 praeno·⁶
1073 4299 1281 4366 i.-lnionire,
1307 4299 1437 4355 becelini.
1465 4301 1495 4356 ld
1519 4311 1561 4357 est
1595 4311 1732 4373 tamquam
1760 4313 1834 4360 vates

187 4375 263 4430 mim
276 4381 304 4429 et
317 4373 478 4444 suplicamine
493 4373 662 4428 insectemur.
678 4371 753 4426 leoli
764 4371 823 4426 scil.
838 4371 889 4426 lioc
900 4374 987 4425 Arno·
1037 4368 1090 4427 deo
1112 4371 1237 4439 impletos
1260 4372 1287 4426 id
1307 4371 1455 4427 aliiimare.
1478 4373 1562 4427 Arioli
1584 4374 1688 4429 scilicet
1710 4383 1737 4429 et
1760 4386 1835 4433 nates

186 4443 264 4510 hius,
286 4451 361 4500 more
382 4443 752 4514 (iuncorumplcrumtpuc,
777 4442 822 4513 qui
846 4443 984 4512 pristinam
1036 4440 1183 4497 elistimati
1198 4443 1835 4517 lucereproptermoiusiltos,qciitcustunquam

187 4525 299 4582 semper
312 4517 534 4572 miosueiuiliiiecn
550 4517 730 4579 retinuerunt,
743 4522 772 4568 ut
787 4512 865 4569 clirico
876 4515 985 4569 nomine
1036 4513 1127 4569 divina
1141 4517 1166 4569 vi
1180 4515 1307 4569 concitati
1322 4514 1489 4570 rucaomtur.
1504 4517 1542 4572 lca
1559 4515 1696 4586 Virgilius,
1712 4517 1776 4573 AEii.
1793 4534 1833 4584 nr,

187 4587 359 4658 gaitdeicntr
384 4591 546 4658 dilanicpiai'n
573 4587 616 4641 iii
643 4586 819 4641 dttbilaudum
844 4594 903 4648 est,
920 4587 984 4652 quin
1036 4583 1110 4639 tto:
1126 4583 1251 4638 inionem
1272 4587 1495 4655 uoteniuepieies,·
1515 4597 1543 4642 ct
1561 4587 1672 4652 nt,''8:
1688 4587 1836 4644 lioccboiur

187 4660 266 4730 plura
280 4658 387 4713 nomina
403 4659 525 4714 babuerit
538 4657 687 4718 montiliis,
706 4657 779 4726 quiid
798 4656 919 4711 solemne
936 4655 985 4711 luit
1035 4664 1114 4710 antec.
1132 4655 1276 4712 lleumous
1290 4667 1315 4711 et
1332 4657 1426 4712 Peion.
1441 4689 1476 4698 -
1490 4657 1535 4714 Sic
1557 4669 1585 4715 et
1608 4657 1740 4715 iiiiiiieuis
1754 4660 1833 4716 Felix

185 4743 243 4786 uoci
261 4727 389 4786 beluinis
404 4739 527 4796 tautum,
551 4729 598 4784 sed
621 4731 702 4782 elium
718 4728 864 4792 Hispanis,
880 4726 982 4793 Gallis,
1036 4727 1130 4782 (ictas.
1145 4739 1205 4797 cap.
1221 4727 1255 4782 sl
1272 4747 1279 4783 :
1300 4726 1375 4782 Vates
1395 4737 1420 4783 et
1433 4731 1484 4801 ipsi
1497 4731 1590 4801 ubique
1605 4733 1698 4801 ceinplo
1710 4733 1746 4785 iic
1760 4732 1832 4786 iiico·

186 4799 262 4858 Alcis
277 4801 329 4856 sub
345 4787 527 4856 l'ioma'iioruin
550 4801 661 4869 imperio
672 4799 831 4869 degentibus
851 4811 934 4866 usaue
951 4800 984 4853 ad
997 4791 1025 4852 D
1037 4800 1121 4860 uiant,
1138 4800 1175 4853 cie
1186 4799 1352 4860 baccliautur,
1368 4800 1405 4852 ric
1419 4811 1545 4857 rotantur.
1561 4802 1640 4857 cont.
1662 4801 1785 4857 Oudend.
1799 4804 1832 4857 ad

186 4867 411 4939 Constantinum,
429 4884 476 4942 per
490 4887 569 4943 quem
584 4883 651 4925 usus
662 4870 857 4941 pronominum
868 4870 984 4925 abolitus
1035 4866 1143 4938 Apulei.
1159 4870 1221 4925 liet.
1235 4883 1275 4935 tii,
1292 4881 1318 4939 p.
1332 4867 1395 4923 uti.
1410 4870 1511 4926 Oueut.

186 4939 246 4999 lelc
258 4953 310 5007 cst,
325 4945 411 5015 qualis
425 4945 489 4997 otilo
510 4945 635 4998 minirum
650 4951 728 5008 mat,
743 4949 772 4995 dt
785 4939 861 4995 Titus
874 4940 981 5010 aliquis,
1055 4937 1314 5011 ,Eleelutcpui‘ridccm
1328 4949 1474 5009 proruptum
1487 4957 1518 4996 ea
1531 4941 1738 4997 oructclodt'ccrc.
1751 4941 1779 4997 ld
1792 4955 1835 4998 csl

186 5019 236 5069 aul
249 5013 369 5082 blarcus,
384 5023 431 5070 aut
444 5015 546 5081 Aulus,
562 5022 608 5068 ant
621 5012 718 5068 Cilicas
733 5020 794 5066 aule
806 5012 859 5066 alii
875 5014 982 5067 nomina
1035 5017 1172 5083 tamquam
1185 5012 1367 5067 certissimum
1384 5012 1447 5078 quid
1462 5023 1490 5066 et
1502 5013 1682 5068 indubitatum
1705 5014 1833 5069 audacter

186 5095 348 5145 uocaretur:
371 5085 505 5142 retentum
520 5091 628 5147 minen,
651 5089 679 5138 iit
703 5082 777 5154 plora
792 5083 922 5137 liabcrent
933 5093 983 5136 uo·
1034 5091 1062 5139 et
1073 5083 1216 5153 magnillce
1226 5084 1410 5151 pronuntiare.
1423 5082 1489 5137 Num
1501 5085 1608 5139 crucicula
1622 5099 1683 5139 ccciii
1694 5083 1833 5140 breuitatis

187 5157 278 5218 mliii.
295 5167 409 5228 quorum
425 5158 634 5227 primianumque
650 5154 822 5225 praenominis
837 5155 920 5208 ricem
935 5154 983 5206 ub·
1035 5156 1187 5225 majestate,
1202 5166 1256 5209 tum
1269 5154 1307 5208 rei
1322 5153 1434 5208 recitate
1448 5154 1617 5209 habebantur
1627 5156 1831 5224 iingcietissiiiim

187 5229 401 5288 tinuissciideri
418 5233 547 5298 possunt,
571 5238 599 5282 ct
622 5227 665 5281 rel
679 5237 712 5282 eu
728 5239 762 5280 eo
773 5225 862 5296 colligi
877 5230 982 5293 potest,
1035 5239 1086 5280 nec
1099 5227 1132 5281 de
1147 5228 1179 5280 iis
1193 5224 1370 5280 dubitandum
1384 5226 1585 5294 existimabant,
1600 5243 1658 5295 nicee
1672 5228 1699 5281 lx
1709 5225 1832 5351 ιῖἰποδος

187 5307 289 5355 nomeu
304 5301 355 5355 boe
367 5299 405 5354 illi
416 5302 552 5370 proprium
566 5298 663 5362 tuisse
677 5296 808 5366 sicmtdem
820 5310 853 5350 er
866 5295 984 5364 pluribus
1035 5296 1106 5351 liciis
1121 5298 1274 5351 cecinisset.
1291 5295 1386 5351 Cicero
1405 5295 1476 5365 apud
1495 5299 1691 5369 litigantium,
1736 5313 1752 5352 e
1771 5299 1830 5353 Cir.

187 5384 250 5427 cuni
263 5388 344 5426 unum
360 5372 495 5442 precipue
509 5371 639 5442 religitur,
658 5368 798 5439 praeteritis
813 5368 937 5433 cureris,
957 5367 983 5422 id
1034 5366 1095 5433 oet,
1111 5367 1157 5422 lib.
1174 5383 1203 5436 ci,
1228 5383 1289 5436 cap.
1307 5367 1358 5433 ul,
1372 5367 1405 5446 de
1426 5367 1477 5422 icoc
1499 5369 1578 5423 Eiiiiii
1600 5383 1679 5425 uersu
1693 5367 1832 5451 :lilaribui

188 5442 306 5498 marium
321 5441 458 5513 proprium
474 5442 589 5508 ridetur,
608 5449 662 5511 cpio
672 5441 731 5494 solo
744 5440 805 5507 actis
820 5438 982 5492 noiiiiitutur.
1034 5439 1202 5509 antiquiores
1216 5448 1266 5493 rtet
1280 5436 1399 5492 lioiciauo
1421 5440 1541 5510 uirisque.
1565 5439 1646 5507 Quem
1666 5441 1769 5504 quidem
1788 5440 1832 5494 lile

188 5511 324 5569 Fecerunt
338 5515 407 5569 idem
423 5513 469 5567 alii
481 5521 586 5580 duoque
596 5511 716 5583 ejicerem
732 5510 787 5564 lere
799 5510 886 5564 aetatls
898 5510 984 5578 scrip-
1035 5523 1152 5574 urrinni,
1167 5511 1194 5565 itt
1215 5510 1269 5574 uit,
1286 5511 1326 5564 rel
1342 5510 1462 5565 breuitate
1474 5513 1513 5564 uel
1534 5513 1639 5565 ocriculo
1659 5521 1832 5575 tacitaetacitae

188 5587 263 5640 tores
309 5581 336 5641 l.
353 5587 379 5640 d.
402 5583 522 5655 cipetum
533 5583 581 5656 (ita
595 5586 692 5638 eltutus
713 5581 748 5635 ao
772 5581 930 5652 Augentum,
950 5581 984 5636 de
1035 5582 1143 5636 oraculo
1163 5523 1226 5635 iiiii
1267 5583 1361 5636 nodum
1383 5595 1437 5636 eice
1456 5582 1670 5650 effatoraicletnr.
1687 5582 1758 5636 idem
1784 5596 1831 5650 pro

187 5628 304 5712 curtino
317 5657 382 5723 lici,
397 5655 444 5709 tio.
463 5669 504 5719 iu,
523 5659 582 5726 cop.
599 5654 627 5723 l,
642 5659 668 5708 cl
681 5652 756 5708 libris
775 5652 900 5734 omnibus
913 5650 982 5706 anti·
1035 5599 1275 5738 1ἰιιιιιιι1ιι,ι’.ἰιι.’11ι
1337 5727 1342 5738 ι

187 5728 301 5804 quicar
311 5731 365 5799 lise
375 5729 473 5782 noiiteo
487 5725 520 5782 A.
532 5726 610 5783 Gellii
622 5727 714 5796 postet
725 5735 772 5790 per
781 5723 915 5780 editiones
924 5723 983 5777 nul·
1035 5727 1141 5779 eraculo
1155 5725 1206 5778 diet
1219 5723 1393 5779 arbitrabitur.
1411 5723 1532 5780 lisuino.
1546 5736 1574 5781 et
1587 5725 1779 5780 Etannuonsr.
1795 5752 1832 5764 -

187 5803 281 5869 picum
307 5796 388 5868 est),
423 5805 452 5852 ei
474 5785 622 5868 Apuleius,
648 5796 692 5852 eui
720 5795 794 5851 baeti
825 5801 981 5864 prenomen
1032 5793 1112 5852 donc.
1130 5794 1216 5852 lucei.
1231 5796 1264 5850 ad
1279 5794 1447 5867 spmmacli,
1462 5796 1510 5852 lio.
1529 5803 1559 5867 it,
1575 5795 1661 5868 Epist.
1677 5809 1726 5865 iii,
1742 5809 1768 5866 p.
1786 5793 1830 5867 it,

188 5869 373 5948 ascripserant
387 5868 529 5938 editiones,
543 5883 605 5927 eam
612 5868 722 5927 minime
735 5865 861 5926 uiaenid
872 5880 982 5939 compi·
1032 5866 1076 5926 ed.
1089 5866 1183 5926 Lectii.
1197 5867 1299 5924 Ouum.

1284 5670 1290 5708 :
1308 5651 1357 5718 Si,
1371 5653 1495 5723 quidquid
1505 5661 1537 5706 ce
1547 5654 1593 5709 illa
1608 5653 1664 5707 loco
1677 5653 1785 5719 dicetur,
1802 5669 1833 5707 ec
