4150 6250
264 281 300 339 m
761 277 943 339 ooowumt
963 274 1192 335 otsstlttratm
1210 275 1419 342 stratumne
1880 284 1918 345 dd

264 403 394 472 moribus,
405 408 461 492 qm
481 407 556 462 nim
569 402 734 475 appellatum
747 400 780 457 ad
795 400 895 468 deod,
910 416 947 467 tr,
958 399 1005 467 26,
1017 397 1066 454 ob·
1080 397 1106 457 tl
1121 394 1189 450 irato
1214 396 1326 453 arruntius
1348 398 1443 468 patriae
1465 399 1680 473 calamitasque
1700 401 1846 460 attritorum
1854 405 1921 464 ,esi-

266 505 409 554 servarunt
431 496 524 554 bledus
551 508 633 569 atque
653 495 812 567 Gregorius,
827 504 855 551 et
878 505 941 549 aute
969 492 1028 549 illos
1041 492 1066 548 in
1123 490 1191 545 tium
1205 490 1382 562 epidenricmn
1397 494 1556 564 minaretur,
1579 496 1726 553 multorum
1743 497 1804 553 sitm
1816 512 1918 569 pauco·

265 587 366 647 Lerieo
382 605 432 646 stro
450 589 639 662 Sebindlerus.
654 588 727 646 ldem
754 589 780 643 iu
806 587 945 660 gentilium
959 599 1066 658 quoqne
1121 601 1180 641 runt
1208 596 1287 663 eraut
1312 589 1443 661 sanguine
1465 589 1647 658 redimendae,
1666 592 1723 647 siue
1748 591 1918 650 issacridcio

265 682 354 756 pactis
367 682 492 751 obtinuit,
508 698 625 755 quornm
643 681 769 753 equidem
781 680 938 737 memoriam
950 678 1067 748 aliquam
1121 688 1203 746 esset,
1216 680 1273 735 sire
1285 680 1338 736 alio
1353 681 1443 751 aliquo
1462 681 1542 739 modo
1555 682 1728 742 battuendns.
1741 684 1808 741 Eam
1821 689 1920 763 ἁνθμω·

266 773 350 833 bodie
369 775 528 846 retinemus,
544 777 749 850 antiquissimis.
767 776 805 832 lie
819 774 903 831 llcdis
915 782 995 845 atque
1015 771 1068 843 Ly·
1125 776 1259 842 πνθυαίας,
1275 775 1346 846 apud
1359 775 1503 832 Pltoenicas
1517 776 1647 833 rationem
1659 775 1775 834 reddidit
1788 777 1851 851 (Ap.
1866 777 1920 833 Ea·

268 867 310 925 dis
322 876 417 926 artetur
438 879 478 926 est
504 870 531 926 ia
554 870 612 927 cllo
635 868 796 937 Herodotus,
818 866 890 946 ὅρκια
905 866 933 924 δὲ
950 867 1066 923 ποιέεται
1122 862 1284 940 seb.‚Prtrp.
1297 869 1484 941 ceorrq.,t‚lll;
1496 865 1877 942 iv,16:t²orptp.,oeatsr.‚
1890 887 1918 938 tt,

265 968 352 1022 ταῦτα
364 964 398 1020 τὰ
414 961 488 1021 talea
509 965 621 1042 τάπιμτι
643 963 758 1026 Έλληνες·
780 967 824 1019 καί
845 962 911 1040 πρὸς
930 962 976 1017 τού
1002 978 1070 1013 rome
1122 953 1180 1030 bs),
1191 959 1262 1028 apud
1275 960 1414 1017 i'ltiionem
1429 961 1560 1035 Byblittm,
1575 962 1679 1018 Pseudo
1693 964 1843 1022 Satrcllottia
1855 964 1919 1021 thou

267 1060 344 1115 ίιιιάν
358 1061 419 1120 τοὺς
429 1058 576 1137 βραχίονας
590 1057 775 1134 ἐπιτάμωνται,
787 1079 813 1120 ις
823 1061 869 1117 τήν
879 1051 1032 1131 ίμαχμοιίνν
1042 1051 1071 1105 τὸ
1121 1059 1226 1118 auctor,
1242 1061 1270 1106 ut
1284 1052 1364 1125 vulgo
1376 1056 1507 1119 creditur,
1519 1057 1723 1114 uetustissimus.
1737 1057 1865 1115 Eamdent
1879 1060 1921 1115 di-

268 1147 334 1225 αἷμα
353 1151 524 1226 semitpsum
543 1152 663 1213 ἀλλήλων.
679 1153 716 1210 lle
731 1150 836 1223 septim
846 1151 871 1205 in
887 1147 1070 1220 Melpomene:
1121 1153 1186 1199 cum
1201 1143 1333 1201 rationem
1347 1148 1501 1220 'mytlmlogi
1524 1164 1572 1205 cur
1594 1149 1714 1223 Plrryros
1737 1159 1766 1207 et
1780 1152 1856 1209 llelle
1871 1168 1919 1208 sa·

270 1239 346 1319 ὅρκια
367 1239 394 1297 di
405 1247 540 1299 ποιοῦνται
550 1245 642 1301 Σκύθαι
653 1242 716 1311 ὧδε,
730 1247 795 1322 πρὸς
806 1243 867 1303 τοὺς
880 1236 910 1296 ἂν
924 1241 1070 1296 ποιέωνται·
1121 1238 1225 1293 euticio
1237 1239 1448 1308 destinarentur,
1464 1259 1525 1299 cttm
1540 1254 1619 1299 terra}
1633 1244 1760 1302 sterilitas
1776 1246 1827 1320 (ita
1840 1247 1921 1303 euim

269 1341 295 1396 ις
305 1334 398 1390 κύλικα
409 1336 520 1411 μεγάλην
534 1340 671 1415 κεραμίνην
684 1333 748 1394 οἶνον
760 1338 909 1411 ιμχίαντις,
925 1330 991 1407 αἷμα
1000 1352 1069 1404 σνμ-
1123 1330 1278 1387 Arbamami
1290 1336 1423 1404 persuasit
1437 1334 1496 1408 Ιιιο)
1508 1337 1604 1391 larnem
1620 1337 1778 1394 minaretur.
1789 1337 1921 1395 Enmdem

267 1429 393 1504 piopouoe
405 1437 455 1486 τῶν
472 1431 507 1486 τὰ
519 1428 594 1508 ὅρκια
608 1433 780 1507 ταμνομένων.
797 1428 835 1487 De
848 1430 944 1486 iisdem
963 1428 1072 1498 Scythis
1122 1437 1172 1479 cnr
1185 1422 1282 1481 Leortis
1305 1424 1378 1494 llliae,
1393 1441 1442 1482 cttr
1467 1427 1649 1496 Andromeda,
1673 1444 1722 1484 cur
1733 1429 1829 1498 etiam,
1849 1429 1921 1501 apud

268 1527 351 1591 atquc
365 1519 451 1577 lledis
471 1521 507 1576 ita
527 1521 657 1578 Solinus:
676 1541 686 1575 ι
703 1522 806 1578 liaustu
828 1522 916 1578 mutui
931 1522 1071 1594 sanguinis
1122 1518 1289 1575 recentiores
1311 1519 1456 1587 llorrmnos,
1465 1518 1572 1578 Curtius
1585 1532 1612 1577 et
1625 1520 1682 1578 duo
1695 1523 1768 1579 Decii
1778 1537 1818 1590 se,
1829 1522 1923 1595 patrie

268 1611 357 1669 loedns
374 1614 508 1681 sanciunt,
524 1628 577 1669 non
592 1627 642 1669 suo
658 1623 760 1669 tanturm
772 1629 859 1680 more,
871 1612 919 1671 sed
930 1613 1069 1670 lledormn
1122 1610 1264 1665 serrandus
1278 1613 1443 1685 aagendam
1457 1615 1644 1685 gratia,exitio
1654 1615 1827 1674 devorerint.
1841 1616 1923 1673 Eser·

268 1717 377 1775 quoque
395 1713 521 1775 usurpata
535 1704 686 1777 disciplina.
706 1723 716 1758 t
734 1705 889 1778 (Polyidae,
914 1721 940 1763 c.
956 1706 1016 1778 ab.)
1036 1707 1071 1763 Et
1122 1703 1193 1759 citus
1204 1707 1318 1763 salntem
1335 1707 1419 1763 uoluit
1430 1710 1615 1779 Agamemnon
1631 1708 1769 1782 iphigenia
1784 1708 1838 1766 lilia
1849 1724 1921 1775 sua;

271 1808 336 1850 rero
348 1795 464 1851 aliorum
479 1796 665 1866 barbarorum,
677 1812 791 1870 quornm
802 1797 861 1854 lucc
871 1806 978 1869 recepta
990 1797 1071 1855 luerit
1085 1790 1109 1853 B
1125 1796 1210 1853 notuit
1220 1808 1247 1854 et
1260 1798 1338 1855 lausto
1358 1799 1505 1874 Polyxena,
1520 1800 1686 1858 immolanda
1705 1816 1824 1860 serrare.
1842 1799 1923 1857 llulta

271 1889 449 1960 cousuetudo,
461 1892 645 1948 meminerunt
659 1892 779 1949 historici
793 1892 876 1950 etiam
892 1891 1070 1951 recentiores.
1124 1897 1188 1943 sunt
1213 1889 1308 1945 eodem
1333 1895 1482 1964 spectantia
1507 1894 1704 1968 exemplaque
1721 1896 1826 1968 plenam
1842 1897 1922 1954 fidem

270 1983 473 2056 Quemquamne
482 1987 509 2042 tn
520 1984 689 2058 illisqnoqnn
702 1985 1072 2044 brutorumsaeritteiisidem
1123 1980 1224 2037 saciant
1243 1993 1373 2054 quantum
1392 1984 1420 2042 in
1444 1985 1572 2044 humanis
1596 1988 1754 2046 rriruinibns
1777 1989 1924 2064 expiandis

271 2075 437 2135 intellexisse
446 2079 564 2152 gentiles
571 2078 749 2137 ostenderunt
763 2081 848 2137 nostri
857 2080 988 2138 aduersus
1001 2081 1071 2136 soci·
1124 2075 1243 2131 hnmano
1267 2079 1391 2149 sanguini
1408 2082 1561 2147 tribuerint,
1578 2094 1706 2153 quantum
1733 2084 1815 2141 etiam
1830 2086 1924 2157 aqueis

272 2168 377 2232 nianos.
393 2169 533 2228 bominum
548 2171 634 2228 ricem
649 2172 768 2244 gessisse
784 2172 844 2230 illas
859 2176 997 2230 brutorum
1014 2188 1072 2229 ma·
1124 2169 1199 2224 illum
1221 2170 1425 2228 lustrationibus
1440 2175 1615 2244 praetulerint.
1631 2175 1709 2247 Aputl
1735 2175 1848 2232 ludaeos
1862 2177 1921 2248 ipsa

272 2263 406 2322 otadones
419 2265 517 2322 similia
530 2266 581 2323 sibi
591 2266 805 2338 imprecandum
818 2266 841 2323 si
862 2265 944 2322 [idem
960 2264 1074 2322 ieiellis·
1125 2263 1296 2320 circumcisio
1309 2266 1463 2339 sanguineae
1473 2267 1584 2324 omnino
1603 2270 1763 2337 expiationis
1777 2269 1847 2342 (sire
1861 2270 1924 2341 bap·

273 2370 347 2417 sent.
361 2359 433 2431 Ergo
448 2358 492 2416 ille
505 2374 614 2432 quoque
628 2357 827 2418 sacrificiorum
837 2362 947 2434 sanguis
961 2359 1073 2415 bomani
1127 2356 1237 2413 tisinum
1258 2373 1319 2414 cum
1349 2358 1463 2415 Domino
1476 2361 1614 2432 appellare
1629 2360 1718 2434 malis)
1738 2362 1824 2419 ricem
1839 2363 1925 2418 susti·

276 2460 442 2513 tamencrat
457 2453 596 2525 sanguinis
614 2453 749 2520 vicarius,
772 2453 924 2525 eodemque
938 2462 997 2510 erat
1013 2452 1074 2510 loco
1127 2451 1219 2518 nebat,
1246 2451 1396 2521 etquidem
1422 2453 1541 2529 turiniano
1565 2453 1649 2525 ipsius
1674 2455 1771 2511 initiati
1792 2456 1926 2527 sangiune

271 2545 467 2604 censendusac
482 2548 505 2603 si
520 2547 602 2604 bomo
615 2547 675 2619 ipse
699 2547 856 2620 sangninem
878 2548 1015 2620 proprium
1026 2562 1075 2620 op
1128 2542 1267 2600 faciendae.
1282 2542 1350 2601 Cum
1365 2546 1455 2619 itaque
1467 2546 1493 2602 id
1507 2563 1588 2603 tinum
1602 2547 1635 2603 ad
1649 2548 1777 2619 baptismi
1792 2549 1925 2606 rationem

273 2641 456 2717 pignorasset.
469 2639 592 2714 Cumque
605 2641 707 2713 duplex
729 2652 802 2699 esset
816 2640 887 2709 baec,
911 2657 991 2714 quam
1004 2641 1072 2706 dixi.
1127 2637 1236 2707 ewirle
1250 2646 1355 2708 spectet
1370 2647 1399 2693 ¹¹⁸
1411 2639 1438 2693 ³¹¹
1453 2654 1487 2694 *20
1502 2648 1611 2710 peccata
1624 2637 1758 2711 ell)ianda
1773 2641 1846 2708 sint;
1862 2656 1924 2698 0¹¹¹ss

276 2742 332 2791 tana
345 2731 416 2804 apud
430 2731 539 2792 ludens
550 2750 631 2807 quam
644 2734 769 2807 gentiles,
783 2750 860 2807 aquae
871 2744 951 2806 atque
965 2735 1075 2807 sangui-
1127 2733 1219 2799 ctiam,
1237 2732 1263 2787 in
1283 2747 1315 2788 ea
1332 2733 1493 2804 expiationis
1515 2734 1630 2801 ratione,
1655 2733 1777 2806 exeurpla
1800 2734 1925 2790 babuerit

272 2825 505 2898 ois,peccatorum
516 2827 711 2897 expiandorum
718 2827 930 2899 gratia,recepta
939 2826 1074 2895 lustratio;
1128 2825 1258 2880 bertuinus
1271 2835 1325 2880 tam
1340 2824 1506 2892 ludaeorum,
1523 2842 1603 2896 quam
1630 2827 1780 2899 gentilium,
1795 2827 1841 2899 qui
1866 2842 1926 2884 sirt-

273 2917 363 2989 maior
376 2927 465 2975 tamen
486 2919 590 2976 credita
614 2927 673 2987 est,
696 2920 856 2992 sauguinis,
881 2935 961 2992 qnam
985 2936 1075 2993 aqum,
1127 2916 1201 2987 guini
1218 2916 1468 2983 ltcnelioiumillod,
1486 2921 1632 2990 pariterue
1654 2935 1734 2992 aquae
1754 2921 1925 2990 tribuissent,

276 3010 408 3068 elllcacia.
432 3010 547 3068 Leviora
567 3011 640 3068 enim
664 3021 742 3068 erant
757 3010 803 3068 illa
817 3028 878 3084 qne
892 3028 969 3085 aquae
982 3029 1076 3085 asper·
1128 3009 1173 3080 qui
1189 3009 1307 3064 lrnmano
1320 3010 1402 3066 ctiam
1418 3012 1502 3082 ipsius
1517 3012 1612 3069 initiati
1626 3013 1759 3084 sanguini,
1773 3014 1819 3085 qni
1845 3014 1927 3084 majo·

274 3105 352 3163 sione
374 3106 506 3178 expianda
527 3105 715 3165 crederentur.
735 3104 866 3164 Graviora
888 3123 1002 3181 quaeque
1015 3121 1075 3179 qnae
1128 3118 1186 3159 rem
1207 3119 1313 3176 qunque
1327 3102 1478 3162 eitieactam
1493 3106 1648 3179 sanguineae
1661 3106 1811 3163 lustrationi
1824 3150 1832 3174 ‚
1845 3124 1925 3179 quarn

275 3198 381 3273 piacula
407 3199 466 3257 sire
490 3196 540 3276 ἅμα
568 3200 757 3267 habebantur,
780 3201 911 3272 sangnine
937 3187 1113 3274 purgandaC
1129 3195 1279 3268 reinquere
1303 3198 1504 3256 concessissent
1519 3219 1527 3255 ;
1541 3200 1600 3255 b'on
1623 3209 1681 3257 erat
1702 3214 1927 3259 saueconseuta·

275 3301 365 3350 erant.
373 3292 552 3350 nomicidium
568 3293 639 3351 inter
650 3294 753 3366 piacula
766 3297 946 3352 quateremur
957 3306 1075 3364 ueteres,
1129 3305 1210 3346 rreum
1225 3301 1254 3346 ut
1269 3306 1349 3363 qnam
1363 3291 1491 3363 expiandi
1505 3293 1635 3364 inaniorem
1649 3294 1676 3348 iu
1691 3294 1824 3367 sauguine
1846 3311 1926 3367 quam

275 3385 348 3457 qnod
366 3386 494 3444 nimirum
518 3387 571 3461 ipsi
595 3398 674 3445 terrae
696 3388 831 3444 maculam
857 3390 977 3446 inureret
990 3389 1076 3456 nullo,
1129 3384 1156 3440 ίιι
1168 3400 1238 3457 aqua
1252 3387 1377 3442 uirtutem
1402 3386 1447 3441 alii
1462 3386 1533 3459 apud
1549 3404 1579 3444 se
1593 3388 1675 3446 luisse
1689 3389 1881 3461 gloriarentur,
1895 3405 1927 3445 ea

278 3489 460 3554 preterquam
475 3482 626 3554 sanguinis,
642 3481 750 3539 lavaero
764 3482 916 3540 eluendam.
935 3483 1001 3554 Eius
1026 3499 1076 3539 an·
1128 3479 1179 3535 suli
1194 3478 1332 3535 christiani
1357 3480 1577 3537 destituerentur.
1594 3480 1754 3539 Praesertim
1778 3498 1840 3539 euru
1854 3483 1881 3540 iu
1895 3499 1928 3539 co

277 3583 343 3640 tem,
355 3575 378 3631 si
392 3585 473 3632 notus
497 3574 595 3632 luisset
618 3584 723 3641 auctor,
741 3577 851 3648 proprio
865 3577 925 3648 ejus
946 3580 1078 3650 sauguine
1130 3574 1244 3640 uersari,
1262 3574 1319 3644 jam
1341 3574 1468 3644 diximus,
1496 3574 1649 3632 nniversam
1675 3577 1730 3633 iere
1747 3576 1815 3633 Nori
1831 3578 1927 3634 'lesta-

278 3667 414 3741 piaculum
425 3668 571 3740 expiabant
582 3686 590 3737 ;
603 3670 645 3725 sin
661 3669 794 3738 latuisset,
808 3685 897 3728 vacce
907 3673 1037 3744 sartguine
1050 3674 1078 3729 in
1130 3670 1214 3726 menti
1228 3670 1498 3741 argumentationem,
1514 3679 1543 3727 nt
1558 3686 1734 3743 quacumque
1748 3682 1852 3739 esseut,
1871 3673 1928 3729 sire

279 3763 342 3820 loco
353 3762 535 3820 immolandae.
548 3762 641 3836 Neque
655 3779 722 3821 vcro
733 3764 824 3822 cades
836 3765 907 3832 sola,
926 3764 976 3822 sed
988 3776 1015 3822 ct
1027 3766 1079 3821 im·
1129 3765 1199 3838 apud
1213 3765 1331 3833 tureos,
1342 3766 1400 3822 sire
1414 3751 1541 3839 gentiles,
1555 3768 1694 3841 priuilegia
1711 3767 1746 3825 dc
1757 3768 1855 3840 quibus
1866 3767 1927 3839 glo·

276 3856 380 3929 puritas
393 3854 436 3911 illa
446 3855 540 3928 legalis
552 3871 568 3912 e
579 3857 740 3914 morticiniis
753 3866 880 3915 contactu
893 3858 1079 3917 contrahenda
1130 3859 1277 3924 riareutur,
1291 3874 1323 3915 ea
1338 3859 1495 3917 christianis
1518 3861 1615 3931 potiori
1639 3861 1871 3932 praestantiorique
1885 3876 1930 3917 ra·

276 3964 366 4007 taceas
376 3948 443 4006 ruia
453 3949 591 4007 cineribus
604 3950 742 4024 purganda
753 3960 820 4008 crat.
831 3950 984 4019 Quinetiam
996 3953 1078 4010 tatius
1131 3951 1204 4009 timae
1218 3953 1364 4009 conuenire
1375 3954 1562 4025 probarentur.
1574 3953 1630 4009 Non
1646 3965 1705 4011 erat
1717 3961 1929 4011 consentaneum

279 4045 371 4119 populi
381 4045 520 4102 israelitici
532 4053 642 4117 peccata
652 4046 678 4102 in
690 4046 795 4102 lrircum
807 4046 976 4103 emissarium
989 4045 1078 4117 (ben,
1132 4054 1173 4112 nt,
1187 4060 1249 4102 enm
1267 4050 1293 4102 in
1317 4046 1412 4103 eadem
1436 4047 1487 4104 bac
1508 4062 1590 4104 cansa
1606 4047 1730 4119 baptismi
1744 4064 1838 4105 rocem
1853 4047 1930 4102 adbi-

278 4139 337 4212 ιιι)
356 4137 552 4211 imprecatione
565 4139 686 4210 coniecta
700 4139 911 4212 suut,cjusdcm
924 4138 1078 4196 utllabbini
1130 4139 1228 4196 berent
1249 4146 1303 4194 tam
1327 4142 1386 4210 ipse
1402 4140 1532 4196 Dominus
1557 4155 1638 4211 qnam
1668 4139 1733 4195 Nori
1761 4140 1928 4197 Testamenti

276 4231 396 4301 volunt,
418 4241 507 4290 morte
533 4231 643 4290 luenda.
658 4231 713 4289 Nec
738 4232 790 4288 alia
804 4231 960 4290 Graecorum
973 4244 1031 4290 erat
1044 4232 1078 4291 de
1131 4233 1290 4306 scriptores,
1306 4233 1386 4289 aliam
1401 4242 1490 4287 tamen
1504 4232 1729 4303 significationem
1747 4231 1932 4303 intelligerent

276 4329 334 4386 suis
348 4343 456 4401 quoque
470 4330 622 4402 καθάρμασι
635 4328 780 4395 sententia,
794 4335 824 4383 ιιι
836 4343 870 4384 ex
885 4328 1079 4399 bristoplranis
1130 4341 1211 4398 quam
1226 4326 1353 4397 expiandi
1369 4327 1442 4382 illam
1463 4324 1584 4382 onttdmn
1609 4326 1778 4383 notissimam
1797 4326 1930 4397 receptis·

282 4418 428 4477 scboliaste
440 4420 570 4477 discimus
582 4420 688 4491 (Arist,
704 4421 785 4477 rebel.
799 4421 826 4478 ίιι
841 4420 941 4495 Ρίιιι.).
957 4421 1080 4495 Tamque
1131 4419 1291 4488 simamque.
1302 4417 1362 4476 Non
1373 4429 1432 4476 erat
1442 4428 1654 4477 consentaneam
1668 4428 1707 4488 ut,
1719 4419 1764 4491 qui
1778 4419 1815 4475 ita
1827 4419 1931 4476 sensis·

279 4521 338 4570 erat
366 4512 527 4570 universalis
553 4514 611 4570 baec
640 4524 812 4585 peecatorum
834 4530 884 4587 per
921 4517 1078 4589 sanguinem
1131 4522 1202 4578 sent,
1218 4513 1298 4571 aliter
1323 4523 1412 4571 tamen
1433 4514 1608 4585 loquerentur
1622 4530 1702 4587 quam
1719 4525 1864 4587 ritartgrem
1880 4527 1930 4570 no-

281 4608 417 4681 purgatio,
431 4615 461 4664 ut
476 4606 577 4664 nullam
594 4607 639 4664 bic
650 4609 837 4680 exceptionem
863 4609 989 4667 adlribeat
1004 4611 1079 4682 ,ipo-
1091 4585 1119 4648 Ῑ)
1132 4593 1219 4662 strum
1233 4605 1288 4679 jam
1312 4606 1433 4664 locutum
1446 4608 1660 4675 observavimus,
1675 4616 1704 4662 nt
1725 4607 1851 4664 niudrum
1864 4622 1930 4663 sau·

278 4701 366 4760 stolus
381 4720 389 4758 ε
402 4701 467 4759 Sine
487 4702 631 4774 sauguinis,
656 4702 761 4775 inquit,
777 4701 902 4770 effusione
916 4721 968 4760 uon
982 4705 1012 4775 fit
1034 4721 1078 4760 re.
1130 4699 1220 4772 guinei
1241 4700 1367 4772 baptismi
1387 4701 1439 4755 uim
1461 4703 1543 4756 etiarn
1564 4702 1738 4772 expiatricem
1761 4702 1840 4773 aquei
1861 4700 1930 4771 bap·

277 4796 366 4855 ιιιίιιίο
380 4795 489 4871 (Heba,
503 4812 544 4865 rx,
560 4795 619 4871 ab).
632 4796 671 4852 lta
693 4806 905 4854 consentaneum
930 4805 991 4853 erat
1015 4797 1077 4854 illo·
1131 4794 1203 4850 tisun
1227 4794 1265 4850 illi
1284 4794 1364 4866 longe
1379 4794 1580 4851 anteferendam
1599 4795 1798 4851 existimarent.
1813 4794 1929 4851 Tantum

279 4907 340 4951 rum
365 4899 516 4964 temporum
545 4875 727 4963 dogmatibus,
743 4898 845 4946 etcum
868 4901 1009 4963 utramque
1023 4901 1079 4947 tam
1130 4886 1207 4943 abest
1222 4898 1252 4942 ut
1265 4887 1360 4943 diuam
1379 4887 1458 4955 batte,
1473 4895 1525 4942 eta
1539 4893 1774 4943 srcrarncntorum'
1786 4885 1928 4956 dignitate,

236 4965 239 4971 ¹
278 4984 427 5057 sanguinis,
452 4999 533 5057 qnam
557 4998 635 5056 aquae
657 4983 838 5055 expiationem
870 4998 919 5054 pro
942 4983 1078 5055 baptismo
1130 4989 1159 5038 et
1184 4979 1291 5037 bomini
1325 4991 1415 5036 urente
1441 4981 1556 5036 alienam
1579 4994 1692 5036 censere
1720 4977 1865 5034 debeamus
1891 4977 1930 5034 lo-

279 5077 423 5146 babcrent,
439 5078 571 5147 majorem
591 5074 1078 5148 tamcnsanguinelbaptismi,qnam
1130 5078 1231 5150 queruli
1255 5078 1400 5146 rationem,
1417 5089 1445 5134 ut
1474 5088 1566 5151 piatam
1594 5079 1665 5135 illam
1695 5077 1809 5136 alienant
1834 5076 1931 5136 adrer-

280 5173 370 5244 aquei,
385 5172 714 5242 uirtutemagnoscereut.
828 5166 832 5170 ’
1130 5170 1205 5228 sarii.

316 5264 388 5338 §lb
402 5293 438 5307 -
451 5264 485 5320 lit
495 5273 525 5320 ιιι
537 5264 662 5335 sanguini
677 5265 703 5320 ln
715 5264 766 5320 boc
780 5266 943 5338 expiationis
954 5266 1076 5337 negotio,
1166 5263 1232 5336 §stt
1247 5295 1283 5305 -
1292 5263 1330 5322 lta
1341 5267 1430 5339 itaque
1439 5267 1704 5338 ostendimus,quam
1714 5266 1757 5324 bic
1766 5270 1859 5328 oraturia
1868 5279 1929 5344 apte

280 5367 373 5431 partes
385 5357 569 5416 concedebant
580 5356 658 5413 lacile
671 5358 831 5428 primarias:
849 5358 885 5414 ita
897 5357 1078 5415 bomaoisan·
1132 5359 1203 5415 iuter
1225 5374 1256 5416 se
1281 5374 1472 5434 congrueque,
1489 5377 1539 5432 pro
1559 5361 1632 5417 illius
1646 5363 1734 5418 arantis
1758 5363 1929 5436 dogmatibus

279 5448 380 5533 guinis,
393 5463 450 5520 prae
461 5449 521 5506 aliis
534 5449 617 5506 etiam
629 5449 815 5520 sanguinibus,
826 5451 880 5506 uim
897 5450 976 5522 longe
989 5451 1077 5507 maxi·
1130 5453 1293 5520 cohaereant,
1310 5458 1333 5511 si
1348 5456 1384 5512 ita
1394 5456 1536 5512 bontinum
1550 5456 1650 5528 ipsum,
1659 5457 1695 5513 ita
1710 5457 1770 5525 eins
1783 5458 1942 5544 apostolos,t

281 5556 354 5601 matu
375 5551 552 5612 agnoverunt.
575 5540 638 5598 ludo
664 5551 752 5598 ortum
778 5541 855 5598 duxit
881 5542 1006 5599 immanis
1019 5543 1078 5611 illa,
1131 5548 1323 5619 intelligamus.
1357 5548 1422 5604 lude
1446 5549 1569 5620 sequitur
1596 5565 1645 5621 pro
1675 5550 1727 5606 boc
1754 5565 1815 5606 esse
1840 5551 1929 5621 potius

279 5656 341 5714 quaa
365 5638 437 5712 apud
455 5650 562 5697 veteres
577 5640 700 5709 invaluit,
715 5641 926 5720 ἀνθρωποθυσία,
940 5638 1013 5710 qnod
1028 5639 1078 5695 de·
1131 5655 1214 5698 seusu
1240 5640 1484 5714 praejudicandum,
1498 5640 1542 5699 rel
1555 5683 1562 5709 ,
1577 5642 1599 5697 si
1614 5657 1708 5699 rocem
1733 5640 1858 5697 trialimns
1874 5654 1930 5699 ter·

283 5733 392 5793 delictis
414 5732 553 5790 bominum
565 5734 706 5808 capiundis
719 5733 854 5791 bomauus
867 5732 979 5805 sangnis
992 5731 1079 5804 aptis·
1134 5732 1309 5801 tullianeam,
1335 5731 1577 5806 praescribendum,
1600 5735 1626 5790 ni
1649 5733 1722 5791 clara
1745 5746 1889 5790 occurrant
1902 5735 1929 5791 iu

282 5829 366 5886 simus
379 5826 524 5887 rideretm.
541 5830 609 5890 Cum
634 5833 741 5906 grauior
756 5825 847 5901 aliqua
869 5824 1025 5886 immineret
1044 5830 1081 5888 ab
1132 5827 1221 5898 reipsa
1246 5836 1401 5899 argumenta
1425 5842 1475 5887 cur
1498 5826 1532 5887 sit
1553 5827 1632 5885 aliter
1646 5824 1829 5896 intelligendu.
1846 5827 1927 5898 atqui
