4150 6250
293 287 371 355 4228

871 264 1012 351 macru
1032 289 1217 352 aurursus
1235 286 1372 352 esurus

1882 292 1950 352 md

298 425 362 468 conr
376 415 509 472 stercore,
522 411 598 463 etex
611 401 721 463 residuo
740 403 837 476 spiritu
850 406 997 462 exultantia
1010 405 1099 462 adbuc
1110 413 1139 474 ,ι
1152 408 1187 462 ιι
1204 405 1218 446 ι
1239 408 1262 465 si
1284 406 1470 464 denatuonen
1494 412 1635 464 teneamus
1650 403 1742 472 iliam,
1764 418 1848 480 qoam
1869 410 1951 480 perri·

299 505 391 568 corda,
407 500 652 571 tremebundasque
664 500 826 573 palpitantes
843 500 870 556 in
886 500 1037 558 uisceribus
1051 516 1098 554 τι.»

298 599 367 656 nasi
377 594 503 654 semiferi
519 610 570 653 nos
583 594 717 662 bomines,
733 593 867 667 quinimo,
882 596 971 666 potius
989 604 1018 649 ut
1033 608 1097 664 pro·

296 690 463 753 nuntiemus,
473 687 544 759 quod
557 698 599 745 est
609 687 700 744 uerius
714 686 921 759 atqueapertius
934 686 1018 752 dictu,
1033 685 1097 751 ieri,

297 797 366 856 quos
381 780 477 837 irrielix
492 779 660 847 necessitas,
674 788 703 836 et
716 780 804 836 malus
815 792 882 836 usus
900 778 1009 835 edocuit
1023 778 1099 835 cibos

289 889 331 953 'ex
346 873 390 930 bis
404 887 516 944 carpere
533 889 540 928 ι
557 872 733 929 miseratione
748 871 884 927 interdum
896 884 1100 927 commovemur

295 966 423 1026 illorum:
439 963 577 1038 arguimus
592 964 715 1038 nosipsi,
730 965 890 1036 penitusque
904 979 935 1020 rc
948 963 1004 1020 aisa
1016 973 1098 1035 atque

295 1059 418 1132 inspecta
429 1057 606 1115 damnamus:
619 1056 701 1128 quod,
710 1055 1097 1127 buuranitatisjoredeposito‚

296 1151 427 1211 naturalis
447 1150 516 1208 initii
538 1152 677 1207 consortia
697 1149 888 1223 arperiarosr.
910 1149 981 1206 ileos
1001 1149 1098 1221 aliquis

294 1245 380 1304 credit
392 1246 462 1318 pins,
483 1244 635 1311 beneticos,
651 1244 748 1312 mites,
771 1243 845 1300 caede
864 1258 992 1314 pacorum
1008 1243 1098 1299 delec-

294 1342 355 1408 tari,
369 1337 538 1410 diffundique
550 1336 566 1378 ι
580 1339 691 1405 laetitia,
705 1337 728 1393 si
742 1336 851 1409 quando
863 1338 915 1393 sub
937 1335 980 1391 bis
1006 1335 1099 1392 eonci-

293 1432 378 1496 doot‚
393 1440 421 1488 et
432 1431 559 1502 spiritum
576 1430 769 1486 miserabiliter
781 1429 902 1501 pooumi
917 1427 951 1484 lit
971 1428 1098 1500 volupta-

293 1525 351 1589 tis,
377 1531 408 1579 ut
432 1523 588 1589 cernimus,
616 1520 690 1577 ntrila
715 1531 757 1577 est
783 1520 810 1575 in
837 1519 978 1576 sacrificiis
1001 1533 1094 1588 causa,

1149 502 1252 559 nacitor
1274 501 1433 558 meminisse
1449 501 1575 557 conuenit
1594 515 1646 558 nos
1668 515 1788 574 semper,
1812 501 1951 560 unirersos

1148 596 1301 652 animorum
1315 595 1428 653 affectus
1436 595 1543 668 ignotos
1553 594 1606 652 diis
1614 610 1687 664 esse,
1695 605 1952 655 consectaneomest

1148 687 1282 755 credere,
1308 704 1454 761 ultraquam
1474 689 1541 746 deos
1556 689 1634 744 irasci
1651 707 1659 743 ι
1680 689 1833 761 quinimmo
1847 691 1949 748 auton

1150 780 1277 838 aflectum
1300 784 1388 855 magis
1401 797 1464 839 esse
1477 782 1512 839 ab
1525 783 1568 839 bis
1586 784 1682 856 longe,
1696 799 1778 856 quam
1793 785 1839 856 qui
1853 784 1917 843 ieris
1926 796 1952 845 et

1149 873 1402 944 belluisprurirnus,
1413 875 1502 930 turbat
1510 875 1718 946 tempestatibus
1730 877 1876 949 patientes,
1884 878 1952 938 aaa

1149 965 1300 1038 periculum
1310 967 1473 1024 interitionis
1483 967 1598 1026 inducit.
1610 968 1746 1041 Quidquid
1758 970 1952 1031 euimrcxatur

1148 1058 1188 1115 rei
1201 1058 1317 1130 alicuius
1327 1074 1343 1116 e
1354 1070 1440 1125 moto,
1454 1059 1583 1132 passibile
1596 1075 1660 1118 esse
1672 1073 1815 1121 constater
1831 1063 1950 1136 fragile:

1148 1151 1219 1223 quod
1231 1151 1351 1223 passioni
1365 1152 1557 1226 fragilitatique
1564 1153 1713 1225 subjectum
1722 1165 1773 1222 est,
1789 1156 1816 1213 id
1829 1171 1949 1215 necesse

1148 1256 1263 1305 estesse
1276 1249 1413 1306 mortale:
1433 1249 1581 1307 inararem
1604 1258 1693 1313 aetat,
1709 1259 1737 1307 et
1759 1255 1892 1324 patientes
1915 1267 1949 1310 se

1147 1338 1247 1396 soluit:
1261 1354 1327 1411 ergo
1340 1353 1401 1397 esse
1425 1339 1540 1396 mortale
1554 1340 1699 1398 dicendum
1713 1351 1771 1410 est,
1786 1343 1856 1413 quod
1880 1360 1945 1417 pas·

1148 1430 1270 1488 sionibus
1282 1431 1433 1501 subjectum
1447 1438 1490 1486 est
1503 1431 1561 1487 irae.
1576 1431 1686 1503 Atquin
1698 1431 1875 1493 deposcimus
1886 1450 1949 1494 esse

1148 1531 1275 1594 oportere
1299 1533 1461 1594 perpetuos,
1481 1530 1510 1580 et
1532 1532 1656 1580 oraturam
1677 1525 1890 1583 immortalitatis
1908 1537 1950 1586 te·

293 1633 343 1675 uec
357 1633 407 1674 cur
427 1617 511 1684 bont,
528 1616 596 1672 ratio
616 1624 659 1671 est
671 1632 678 1669 :
692 1615 820 1686 quoniam
838 1630 888 1671 nec
908 1614 1032 1687 uolrtptas
1055 1622 1097 1669 est
1147 1630 1213 1672 nere
1227 1633 1234 1669 τ
1249 1615 1321 1686 quod
1343 1616 1366 1671 si
1386 1623 1503 1680 constat.
1526 1623 1554 1673 et
1578 1616 1706 1688 liquidum
1729 1626 1783 1683 est,
1800 1620 1839 1675 ira
1858 1620 1948 1678 abbis

291 1709 345 1766 ulla
360 1720 383 1774 ι,
398 1724 432 1764 ac
451 1709 474 1764 si
494 1707 564 1764 iorte
589 1718 631 1763 est
654 1707 753 1778 aliqua,
775 1707 802 1762 in
823 1706 891 1763 deos
912 1721 971 1762 eam
996 1704 1095 1762 cadere
1149 1707 1228 1778 longe
1237 1707 1407 1762 etabearum
1418 1705 1573 1763 conditione
1582 1704 1713 1778 disjuncta
1724 1707 1874 1766 estiiuliis
1883 1727 1947 1785 erpo

290 1804 364 1860 uuila
381 1817 461 1873 passe
475 1800 580 1858 ratione
593 1808 775 1856 monstratum
787 1811 840 1855 est.
1106 1800 1295 1873 pretioribus
1306 1799 1444 1867 conuenit,
1460 1798 1485 1856 id
1496 1799 1523 1856 in
1537 1799 1645 1872 superis
1656 1801 1728 1859 veile
1739 1803 1856 1873 plaeere,
1869 1803 1944 1876 qood

325 1895 360 1951 V.
380 1895 519 1966 Sequitur,
533 1902 562 1950 ut
576 1895 648 1950 iliam
665 1907 772 1965 quoque
782 1892 958 1961 inspiciamus
973 1899 1089 1963 partem,
1143 1891 1396 1964 possenoouidess
1412 1892 1439 1946 in
1457 1906 1551 1948 eorum
1576 1890 1772 1949 beatitudinem
1785 1895 1943 1952 conuenire.

290 1988 474 2061 quarojactari
489 1987 724 2057 audimusvolgo,
748 1997 774 2042 ot
790 1986 913 2058 populari
929 1986 955 2041 in
977 2000 1090 2056 persua·
1176 1985 1223 2041 vl.
1243 1985 1297 2041 Sed
1322 1984 1516 2050 concedamus,
1541 1992 1571 2041 ut
1589 1984 1681 2052 ruitis,
1709 1986 1943 2055 perturbationem

289 2081 367 2137 sione
382 2079 483 2135 uersari
498 2098 504 2133 :
519 2079 650 2134 sacrificia
674 2078 780 2150 superis
796 2093 828 2134 ca
850 2078 908 2134 beri
930 2077 983 2133 diis
997 2093 1088 2144 eausa,
1141 2075 1295 2148 bujrrsmodi
1319 2074 1482 2132 familiarem
1500 2074 1555 2131 diis
1577 2089 1651 2142 esse,
1668 2075 1863 2150 placandaque
1883 2077 1946 2148 ejus

290 2183 321 2229 ιιι
336 2174 389 2229 iras
402 2181 483 2242 aurare
497 2172 604 2227 artimus
617 2182 734 2241 ponant,
749 2168 952 2241 reddanturque
968 2170 1048 2225 mites
1061 2181 1089 2227 et
1141 2184 1222 2226 causa
1239 2184 1283 2226 res
1295 2168 1403 2224 dininas
1417 2167 1488 2235 beri,
1510 2176 1538 2223 et
1557 2181 1697 2224 sacrarum
1716 2167 1851 2226 solemnia
1872 2169 1948 2228 ceie-

288 2265 398 2339 placidi,
421 2263 588 2321 fervidorum
613 2273 751 2334 pectorum
780 2262 964 2334 indignatione
983 2262 1088 2318 sedata.
1140 2263 1213 2321 brari
1227 2280 1234 2316 :
1249 2260 1431 2334 quandoerpn
1443 2259 1589 2318 conueniat
1604 2269 1616 2299 ι
1632 2259 1754 2318 adbiberi
1766 2259 1827 2319 baec
1842 2262 1945 2332 munia,

917 2371 1112 2433 cucurbitus
1130 2371 1338 2432 VbiileTES.

1179 2472 1238 2524 dist

319 2479 332 2509 ⁰
345 2477 493 2541 ileperimos
504 2473 561 2526 Sub.
573 2472 647 2527 itale
1178 2540 1189 2567 e
1207 2515 1250 2588 m,

317 2541 332 2583 it
346 2538 496 2652 Dldndipue
506 2536 566 2590 Sub.

319 2607 331 2637 ⁰
346 2601 400 2655 Uoc
410 2603 447 2654 Sa
466 2639 472 2651 .

1259 2470 1579 2589 sititet-’tutotu-
1592 2474 1621 2523 ¹³·

972 2678 1259 2739 cuuutiitieulbs

324 2776 443 2835 urania·
465 2785 488 2832 et
511 2775 632 2832 intestino
654 2790 713 2829 curu
736 2782 854 2828 stercore.
879 2771 965 2827 Proba
984 2771 1085 2828 lectio:
1140 2775 1236 2835 aicadri
1256 2784 1368 2840 accant,·
1390 2774 1506 2846 quamtis
1518 2773 1655 2831 adsideres
1666 2788 1715 2844 pro
1727 2772 1946 2833 adeemmrdiuii·

286 2866 349 2909 num
364 2849 423 2904 baec
437 2848 532 2917 crapula
555 2856 579 2901 et
592 2845 712 2901 abrmdat
732 2860 805 2915 saepe
830 2859 925 2914 reapse
945 2845 1015 2912 apud
1038 2845 1088 2899 bos
1140 2845 1224 2900 iornnr
1239 2847 1315 2901 etiam
1328 2846 1421 2917 auique
1435 2855 1551 2915 usurpet
1568 2844 1645 2902 ilade
1667 2848 1695 2899 ia
1708 2845 1858 2916 ιιιιιιιιιυιιι
1868 2845 1945 2902 Scri·

286 2924 435 2992 scriptores
460 2928 486 2975 et
508 2919 626 2974 iratoiute
640 2917 817 2973 curratruimr.
833 2915 954 2971 bustum
969 2943 1006 2956 -
1018 2915 1088 2971 Male
1138 2926 1272 2986 ptnruram
1291 2918 1365 2985 iocis,
1378 2927 1407 2972 at
1420 2916 1551 2972 dictinctio
1565 2917 1659 2977 certior
1672 2926 1815 2987 appareret,
1832 2933 1883 2972 noe
1897 2919 1945 2974 ed·

287 2995 377 3118 impare
391 2990 471 3047 Finit.
484 2990 598 3046 Ursinus
610 2987 714 3044 inducit
722 2997 755 3043 et.
772 2987 875 3043 Orsus.

1138 2989 1251 3049 uideres.
1263 2989 1331 3057 qaod
1350 3004 1382 3043 ec
1400 2989 1469 3043 barro
1488 2987 1560 3043 cuitu
1573 3003 1584 3053 ,·
1596 2987 1642 3042 sed
1660 2988 1815 3056 danaidum,
1829 2989 1898 3060 quod
1913 3006 1947 3045 es

346 3063 563 3132 remebundonque
575 3060 730 3132 palpitantes
742 3059 770 3112 iu
784 3059 919 3114 stererant
929 3073 1016 3114 uenus.
1034 3056 1086 3113 Ne·
1138 3056 1187 3113 Der
1200 3059 1271 3114 coitu
1283 3069 1397 3126 resonat,
1413 3058 1769 3116 claromontensium
1783 3073 1884 3128 umen,
1896 3060 1946 3118 sea

286 3151 338 3208 quc
366 3133 427 3190 beic
452 3131 598 3204 quidquam
626 3129 794 3186 salutandum·
812 3129 878 3185 Naar
900 3133 1038 3204 συνώνυμα
1051 3132 1086 3184 ita
1099 3137 1123 3200 c
1138 3131 1316 3199 recentiores,
1333 3141 1358 3187 et
1371 3134 1426 3189 θιὸυ
1440 3132 1535 3192 niardi
1555 3132 1720 3202 quandoque
1745 3133 1882 3188 dixerunt.
1899 3133 1946 3190 Sic
1969 3169 1972 3174 -

286 3206 414 3275 copulare
442 3214 516 3267 arnnal
541 3202 686 3269 danubius,
713 3211 741 3255 ut
761 3211 840 3255 antea
861 3201 1083 3257 ubscrnaharuus.

287 3277 408 3334 ilsanuo.
419 3274 542 3330 -Fnlm
560 3271 674 3329 Ursinus
687 3281 713 3327 et
735 3270 905 3329 Steweclrius
928 3271 1023 3344 curri}
1037 3285 1088 3328 rre-

286 3346 429 3404 mciundia.
445 3345 549 3402 uarat.

324 3417 455 3473 Petrossa
470 3414 671 3487 pronuntientur.
685 3412 886 3469 trasumenus.
902 3412 987 3470 Antea
1004 3416 1085 3486 priua.

287 3490 378 3550 Editio
393 3490 527 3561 prtrncepa
540 3488 662 3558 apertior.
671 3485 775 3542 Oasis.

325 3562 411 3629 Quod,
423 3560 588 3615 inmunitatis
607 3558 660 3613 'ore
669 3558 795 3626 deposito,
807 3556 933 3613 naturalia
945 3557 1014 3611 initii
1026 3573 1088 3613 corr·

287 3636 366 3690 sortia
378 3632 530 3704 ruperimus.
548 3629 597 3685 Pbi
609 3628 739 3699 osopbice
752 3628 896 3684 admodum
913 3631 972 3684 baec
985 3628 1020 3684 ab
1032 3629 1085 3684 Ar-

287 3707 370 3762 ucbio
382 3704 452 3759 dicta
472 3712 546 3758 suant.
560 3701 692 3769 eruuiuan
715 3700 788 3756 etaim
812 3700 885 3755 nullu
901 3699 1007 3769 proprie
1017 3699 1088 3771 juris

287 3776 442 3834 corrrruuniu
457 3772 612 3829 bominibus
633 3785 696 3826 crum
719 3771 902 3826 anitrtarttibus
921 3770 1018 3838 brulis,
1032 3786 1085 3827 uua

288 3848 355 3905 dicit
366 3846 525 3917 sirrrpliciter
535 3842 672 3899 brrrobius
680 3842 742 3911 iure
755 3857 831 3911 rupto
844 3852 893 3897 aut
906 3842 970 3926 quid
984 3844 1084 3909 stadie,

288 3920 336 3975 sed
351 3917 518 3972 brrnmnitatir
539 3916 601 3988 jure
614 3913 740 3984 deposita.
758 3913 938 3968 llurnanitatrs
949 3929 1011 3980 prae
1024 3914 1085 3969 scil.

288 3991 350 4061 quia
365 3990 456 4056 irorrro,
480 4000 574 4042 natura
588 3988 652 4040 mite
664 3983 800 4051 animabo
816 3986 923 4040 ceteris
938 3984 1086 4040 altimonti-

289 4061 339 4116 bus
356 4061 490 4116 abstinere
503 4056 631 4114 debuisse
650 4055 769 4121 uidetur,
783 4072 843 4124 quar
859 4055 1086 4127 pytbaporeorum

287 4141 316 4188 et
330 4131 445 4187 oliorum
462 4139 554 4201 postea
570 4127 760 4182 rronrmttorom
780 4138 914 4181 serotenus
937 4125 1087 4184 insibilans

288 4202 483 4258 itrrrnarritutetn
498 4200 585 4256 ιὶιιιιιι
602 4197 739 4268 appeliant
755 4197 928 4273 χρηστότητα
944 4215 950 4251 :
966 4196 1087 4255 iatctttur

289 4273 373 4341 enirn,
390 4273 460 4328 nulla
485 4272 555 4343 juris
575 4268 764 4327 communione
779 4271 902 4325 barnoinus
924 4285 986 4324 curu
999 4268 1086 4327 brutis

288 4345 396 4409 sociari,
406 4344 453 4399 sed
469 4358 530 4399 esse
540 4344 615 4397 ailant
627 4339 770 4412 quamdam
784 4339 1086 4417 ppaardcaremuauod·

288 4429 386 4472 uersus
397 4413 545 4470 irrllrnoiora
558 4412 609 4468 ista
623 4412 749 4466 anirnratia
761 4411 872 4481 justane
886 4411 947 4465 ioco
961 4423 1012 4466 est.
1026 4410 1086 4467 Plu·

289 4487 397 4542 tarcboa
410 4486 437 4540 in
450 4486 551 4541 Catone
564 4482 676 4553 trajane.
686 4481 730 4537 ubi
741 4483 893 4538 scansorium
906 4481 980 4537 ilium
989 4498 1083 4539 serrem

289 4554 475 4627 reprehendit,
489 4553 561 4626 quod
573 4568 667 4609 seruos
679 4552 783 4608 debiles
793 4564 874 4624 atque
884 4563 964 4610 aetate
976 4556 1085 4610 corrice·

291 4639 333 4684 tos
349 4625 504 4684 vendendus
516 4634 639 4681 ceraseret
653 4642 659 4676 :
675 4627 723 4680 ιιυιι
736 4645 785 4687 ror,
802 4626 896 4695 inquit,
910 4630 955 4684 rin
994 4625 1090 4702 ρηστό.

288 4721 355 4759 τητα
368 4708 414 4760 τις
427 4696 590 4758 δικαιοσύνης
603 4696 762 4772 πλατύτερον
774 4696 853 4752 τόπου
867 4647 1091 4772 spepatientiae·

290 4772 432 4832 θάνουσαν.
446 4770 515 4843 νόμῳ
528 4769 573 4842 piu
587 4770 638 4845 peip
651 4771 695 4823 και
707 4776 745 4842 τῷ
757 4766 848 4842 δικαιῷ
864 4769 929 4843 πρὸς
941 4769 1090 4844 ἀνθρώπους

289 4843 364 4916 μόνον
376 4844 492 4920 χρῆσθαι
503 4841 567 4966 aep'
714 4838 719 4855 '

288 4910 476 4977 τάςιστιυὸτι
502 4932 536 4967 κα
566 4912 770 4988 μιχριτὰογωυ
798 4914 878 4977 ζώων.
896 4910 1091 4981 Videsisquae

288 4995 439 5052 seqnontar
450 4981 563 5041 ibidem.
580 4984 700 5054 ilsusup.

325 5057 393 5111 Deos
415 5055 508 5123 uliquis
531 5055 611 5110 credit
632 5054 697 5124 pior.
713 5051 843 5123 Appellat
857 5051 924 5106 deos
951 5052 1018 5121 pior,
1032 5052 1090 5108 cic-

287 5136 406 5193 mentes,
434 5136 463 5181 ιιι
488 5125 655 5180 docebamus
679 5125 712 5177 ad
736 5128 754 5178 l.
769 5138 789 5189 r,
805 5139 830 5178 c.
850 5123 896 5179 ι9.
913 5120 1037 5177 Notanda
1060 5123 1088 5178 in

288 5198 358 5253 inante
371 5199 535 5256 seutentiam
551 5194 581 5250 b.
593 5194 736 5276 Anapusriui
747 5195 914 5258 ‹rllservatim
927 5209 1009 5264 quam
1025 5210 1087 5264 pro·

287 5273 376 5341 pouit.
393 5270 442 5324 l.1
458 5267 493 5324 de
505 5264 667 5332 Civibbct,
682 5280 707 5320 c.
724 5266 735 5320 i
751 5281 758 5318 ι
777 5262 863 5319 Pietas
874 5280 972 5334 qaoque
985 5267 1089 5336 proprie

287 5339 328 5395 dri
342 5340 426 5396 cultas
441 5338 549 5408 iuteiiipi
561 5337 635 5404 sobi,
649 5351 727 5405 quum
739 5333 822 5391 Gracci
835 5336 969 5393 ιὺσέὸτιαυ
985 5349 1085 5393 cocunt.

288 5409 450 5466 Hectorea
476 5421 498 5463 et
518 5424 578 5480 erpa
595 5417 712 5478 parentes
737 5408 854 5476 officiose
880 5409 968 5462 treberi
982 5409 1086 5465 dicitur.

287 5481 363 5536 dicre
377 5492 462 5538 cutem
474 5480 544 5551 culpi
567 5480 616 5534 boc
638 5495 728 5534 aonrcn
741 5481 817 5533 etium
834 5481 860 5534 in
877 5481 994 5547 operibus
1012 5482 1081 5536 nrise·

284 5552 407 5608 ricordite
427 5555 603 5626 frequentatur
623 5563 633 5605 t
655 5550 722 5621 quod
747 5551 806 5605 ideo
834 5551 945 5605 arbitror
965 5550 1086 5616 euenisse,

285 5627 346 5693 qaia
368 5625 423 5677 bare
446 5622 503 5692 pieri
516 5621 644 5692 praecipue
670 5621 740 5677 Deua
764 5621 880 5685 atandot,
893 5635 972 5691 eaque
985 5619 1033 5675 sibi
1046 5621 1087 5675 aei

286 5708 334 5761 pro
357 5693 549 5759 corripuisset
573 5707 627 5761 prae
653 5692 786 5760 sacrificiis
801 5692 902 5759 plrrcere
917 5688 1087 5747 recantando

286 5775 337 5837 qua
351 5759 471 5829 loquendi
485 5763 668 5816 corrraetttdiac
687 5765 785 5834 pactum
804 5773 851 5828 cst,
864 5771 890 5814 at
907 5771 931 5815 et
945 5760 1016 5816 Dens
1030 5763 1087 5832 ipse

286 5826 387 5892 dicutur
401 5830 478 5904 pias:
493 5845 567 5903 quent
581 5845 642 5887 roae
656 5830 739 5887 Greci
751 5831 823 5889 acilo
836 5848 882 5890 stro
898 5833 1022 5889 marronis
1036 5850 1085 5890 aaa

555 4857 659 4927 cappas
672 4860 693 4894 nr
710 4859 738 4927 vc
750 4840 897 4915 εὐεργεσίας
911 4838 938 4895 δὲ
953 4843 996 4895 και
1010 4841 1090 4916 χάρι-

1139 3200 1307 3258 'ilterrristms
1322 3203 1482 3275 Enptrrades
1492 3202 1568 3260 Orat.
1578 3220 1591 3252 r
1603 3219 1610 3255 :
1622 3199 1706 3264 sidric
1742 3206 1767 3280 'p
1778 3206 1870 3265 ὶντιιῖτ
1882 3206 1944 3261 iar·

1138 3274 1247 3335 κλήσεσι
1254 3282 1300 3331 τοῦ
1309 3282 1373 3332 Θιοῦ
1382 3278 1426 3331 τὸν
1438 3280 1551 3338 samm.
1564 3275 1621 3334 icat
1630 3278 1708 3350 θριαμ
1726 3280 1798 3334 maris
1808 3276 1945 3332 essesu-

1138 3367 1191 3406 ται,
1205 3346 1275 3406 tirio
1287 3345 1475 3425 suppurationi
1488 3347 1532 3404 τὸν
1546 3348 1673 3409 Σκυθικὸν,
1683 3346 1793 3402 amre
1805 3346 1945 3424 priircdpaa·

1139 3436 1198 3482 aaa,
1214 3423 1258 3474 aet
1280 3419 1322 3474 τὸν
1336 3419 1442 3480 ricuini.
1457 3420 1502 3473 act
1515 3419 1560 3474 τὸν
1574 3426 1692 3493 σωτῆρα.
1707 3416 1782 3488 Ergo
1796 3417 1867 3472 ideu-
1881 3417 1943 3474 beic

1138 3489 1299 3549 tdardrirest
1312 3492 1369 3560 pitis
1383 3502 1410 3546 el
1424 3489 1608 3565 campanar,
1621 3503 1673 3557 qua
1688 3503 1757 3545 tuce
1768 3488 1841 3560 pium
1851 3489 1942 3559 expri-

1138 3574 1215 3614 mere
1229 3560 1337 3615 rolebat
1350 3560 1526 3616 Tiremrst'rns.
1542 3559 1664 3615 Heorta.

1173 3629 1315 3699 Beneficus.
1338 3634 1490 3710 iiieppirctc,
1503 3640 1624 3706 σωτῆρας
1641 3644 1715 3700 saepe
1728 3629 1940 3756 caujuugebaul.

1770 3717 1871 3759 mua.

1175 3772 1206 3828 Si
1219 3772 1377 3844 quaadosud
1388 3769 1626 3829 reconcinnatio
1638 3781 1692 3835 est,
1706 3773 1759 3827 sub
1771 3788 1868 3830 eorum
1878 3786 1943 3830 ocu·

1137 3842 1172 3898 iis
1184 3853 1266 3913 atque
1285 3845 1427 3911 altaribus,
1438 3853 1468 3902 ιιι
1483 3846 1602 3917 loquitur
1621 3841 1703 3899 inira.
1719 3842 1814 3913 Quare
1830 3854 1942 3902 mutan·

1138 3914 1204 3970 dum
1218 3915 1296 3971 urbii.
1308 3916 1420 3973 flauam

1174 3985 1211 4040 Et
1222 3989 1363 4058 uoluptatis
1377 4005 1405 4043 er
1422 3995 1484 4053 o‚trt
1499 3987 1637 4054 camaras,
1652 3984 1726 4042 natu
1740 3995 1778 4042 est
1792 3986 1819 4041 ιιι
1832 3985 1941 4052 ussili-

1136 4055 1184 4139 ciis
1194 4074 1282 4114 cnam.
1297 4004 1437 4114 sicedidit
1447 4067 1474 4114 et
1488 4058 1656 4130 interpunxit
1666 4057 1824 4122 Salmasius,
1840 4059 1940 4113 rectis·

1136 4140 1217 4186 sume.
1240 4130 1329 4186 butca
1347 4129 1384 4185 ita
1400 4130 1541 4201 legebatur
1559 4147 1566 4185 ι
1582 4139 1605 4186 et
1626 4129 1763 4256 uoluptati).
1784 4126 1864 4198 Erpa,
1879 4136 1939 4186 etc.

1765 4213 1847 4255 nu·

1172 4270 1206 4327 V.
1218 4301 1254 4314 -
1267 4271 1302 4329 tir
1315 4273 1368 4328 irat
1382 4281 1456 4345 atque
1469 4273 1568 4329 animos
1589 4271 1765 4346 maenalide
1779 4284 1881 4341 supra,
1905 4270 1941 4328 ad

1137 4342 1156 4396 1.
1170 4357 1195 4407 ι.
1209 4343 1270 4411 ab,
1285 4353 1360 4401 eutr.
1374 4342 1478 4402 bosut.

1172 4412 1365 4483 Definitionum.
1373 4416 1428 4472 ulit
1438 4434 1445 4471 :
1456 4416 1648 4487 diffinitionem,
1656 4430 1716 4486 quae
1721 4414 1872 4486 sepissime
1877 4429 1942 4488 per·

1097 4495 1238 4583 I,mutata
1253 4502 1269 4542 a
1284 4485 1412 4543 librariis.
1428 4486 1466 4544 lta
1481 4487 1615 4571 desipuere
1625 4498 1654 4544 et
1665 4488 1818 4559 dissipante.
1832 4485 1938 4544 damu„

1179 4555 1263 4624 Quum
1284 4558 1447 4626 pertinaciter
1467 4559 1611 4615 meminisse
1630 4560 1747 4613 conuenit
1762 4575 1809 4613 aaa
1826 4573 1939 4628 warper.

1141 4624 1314 4685 Pertinaciter
1333 4629 1385 4686 boc
1399 4630 1459 4686 loco
1473 4630 1499 4685 in
1515 4631 1614 4687 bonam
1629 4640 1733 4700 mrtem
1752 4643 1801 4700 pro
1817 4639 1942 4684 υυιιιιιιι-

1141 4706 1188 4753 ter.
1201 4699 1239 4754 ita
1264 4699 1429 4764 Lactantius.
1449 4701 1528 4768 itast,
1553 4700 1572 4756 l.
1589 4717 1626 4768 tv,
1638 4716 1664 4756 c.
1681 4700 1725 4763 tu.
1741 4698 1755 4772 ᾖ
1770 4700 1813 4755 lu.
1824 4695 1894 4754 luat
1907 4701 1943 4756 tic

1141 4771 1304 4842 silentiarius
1318 4770 1456 4896 [Christil.
1468 4772 1536 4843 quod
1553 4788 1633 4841 atque
1644 4771 1680 4825 ad
1700 4782 1805 4825 rnartenr
1821 4771 1941 4840 patinu-

1140 4841 1203 4894 citer
1216 4843 1305 4900 terruit.
1336 4842 1410 4898 'roias
1422 4844 1514 4898 iterum
1523 4845 1561 4897 ric
1572 4843 1670 4898 locatae
1681 4851 1730 4908 ert,
1742 4853 1812 4897 etc:
1827 4841 1872 4896 ubi
1883 4842 1940 4896 vid.

1141 4910 1323 4982 Briarernano,
1337 4929 1364 4985 p.
1388 4914 1452 4971 eut.
1471 4912 1550 4971 Coni.
1564 4913 1656 4970 Pirisc.
1671 4913 1704 4968 ad
1729 4912 1808 4968 Curt.
1824 4927 1852 4978 a,
1867 4926 1893 4968 c.
1909 4911 1938 4980 9,

1139 4983 1166 5038 l.
1181 4982 1217 5038 ltir
1239 4995 1377 5040 cantuarae
1388 5002 1438 5056 pro
1453 4996 1572 5041 condam
1586 5000 1629 5055 ap.
1643 4985 1775 5041 Prudent.
1785 4982 1938 5055 Peristepb.

1141 5068 1166 5117 x.
1181 5055 1244 5120 ill,
1266 5064 1295 5112 et
1313 5054 1464 5113 biarnertio.
1482 5058 1508 5122 in
1522 5054 1687 5120 Gerretliac„
1701 5071 1727 5111 c.
1753 5055 1798 5111 li.
1813 5052 1865 5110 libi
1880 5053 1938 5110 rid.

1140 5124 1290 5195 Saburra,
1308 5144 1333 5196 p.
1352 5129 1412 5195 tue,
1429 5139 1450 5183 t.
1461 5143 1492 5194 tt,
1505 5127 1549 5184 ed.
1565 5125 1663 5198 teger.
1675 5126 1780 5184 Orsum

1175 5196 1375 5254 consectaneum
1388 5210 1424 5254 est
1433 5199 1544 5253 credere.
1561 5198 1598 5253 ita
1610 5197 1782 5254 stewechius
1793 5206 1822 5253 et
1831 5196 1941 5253 Saltus

1139 5266 1196 5323 sius
1209 5286 1244 5325 ex
1257 5286 1308 5325 ms.
1324 5285 1373 5340 pro
1384 5279 1592 5325 consentaneam.
1603 5268 1707 5326 Οιιιιι.

1175 5339 1217 5394 rid
1224 5344 1365 5410 perierim
1377 5341 1529 5395 interitionrr
1547 5339 1655 5396 inducit.
1669 5339 1683 5395 1
1688 5339 1789 5395 ateritie
1801 5354 1855 5395 auu
1867 5339 1941 5396 anti·

1138 5410 1266 5482 quuiid.
1281 5411 1393 5477 Nortius,
1408 5427 1500 5480 supra,
1513 5413 1560 5468 lib.
1578 5426 1642 5477 u‚c.
1658 5412 1707 5467 ut:
1722 5410 1833 5465 uotam
1848 5421 1940 5479 portes

1139 5484 1267 5551 penitebit
1276 5485 1354 5549 luisse
1365 5483 1462 5549 irrisui,
1472 5500 1530 5538 carn
1540 5482 1574 5537 od
1584 5484 1797 5554 urrrarrrcepeo‘r
1810 5482 1940 5537 icteritia·

1138 5553 1178 5606 nir
1191 5556 1287 5608 accedi.
1302 5554 1407 5611 Οιιιιι.

1176 5622 1306 5691 Quidquid
1319 5642 1387 5680 earm
1400 5635 1516 5694 uexatur,
1529 5635 1595 5694 etc,
1611 5633 1665 5682 etc.
1677 5624 1780 5682 uacent
1794 5623 1877 5681 modo
1890 5638 1939 5681 ar·

1137 5704 1321 5765 qurrrerntamr,
1335 5713 1427 5768 supra,
1442 5701 1461 5752 l.
1479 5713 1505 5765 ι,
1520 5716 1546 5755 e.
1562 5700 1607 5755 tu.
1621 5697 1724 5754 Οιιιιι..

1174 5764 1461 5841 't1.-t>tarnacoeroe
1472 5770 1680 5842 ciscestrensis
1690 5768 1762 5827 cditli
1774 5783 1837 5828 cum
1846 5766 1938 5827 tleur·

1137 5837 1178 5896 sio
1189 5853 1239 5913 pro
1250 5840 1422 5913 placandiqur
1432 5840 1488 5914 eina
1500 5859 1587 5900 aaran.
1602 5841 1706 5900 bustu.
