4150 6250
254 252 318 314 llos

804 247 944 305 ARNOBH
972 245 1155 306 ADVERSUS
1184 248 1322 308 GENTES

1863 246 1928 307 960

258 375 359 442 gnata,
384 363 456 439 qnod
477 370 614 420 mutorum
637 361 814 421 animantium
836 361 937 420 formas
959 361 1151 435 diuinisptes
1169 379 1176 415 ι
1192 362 1391 432 iidemquenos
1417 363 1515 422 relletrt
1536 364 1610 422 eultu
1624 363 1715 436 aliquo
1728 363 1874 436 prosequi,
1893 371 1925 431 et

259 458 424 518 inseruerint
444 457 546 524 causis,
571 457 736 530 easdemque
750 457 821 530 quod
845 458 951 530 speeies
973 456 1060 512 rnrrlto

260 555 340 613 tlrrtre
352 551 496 624 accipiant,
506 560 534 608 el
545 551 651 624 reliquo
661 552 982 623 cerimoniarnmparatu
994 569 1000 604 ι
1012 565 1061 605 ros

260 648 363 720 effigies
378 644 519 702 bominum
538 655 674 718 tamquam
696 645 808 703 deorum
832 644 998 702 veneramini
1014 661 1062 716 po-

259 750 374 803 testates
387 757 456 798 :nec
469 742 601 813 pudetltis
610 758 656 798 ora
666 740 898 798 terrenianinralis
910 740 1060 812 imponere:

262 837 363 896 erroris
389 837 467 904 alias,
483 837 643 893 etstultitire
665 836 856 901 condemnare,
878 843 906 891 el
916 835 942 889 in
960 833 1062 891 erroris

261 933 383 1006 ejusdem
396 930 572 988 similitudine
585 931 693 987 aetitia
706 928 883 1002 deprehendi.
963 919 965 924 ’

297 1021 369 1081 llll.
386 1021 441 1078 Nisi
456 1020 526 1078 forte
542 1021 639 1080 dicetis
658 1022 725 1079 alias
746 1021 854 1094 quidem
878 1021 967 1077 inesse
982 1029 996 1057 ⁸
1010 1019 1063 1075 diis

263 1117 376 1182 formas,
391 1124 419 1171 et
433 1114 555 1181 lionoris,
570 1125 597 1171 et
611 1116 679 1171 dieis
693 1130 773 1172 eausa
787 1114 891 1187 speeies
905 1128 953 1168 ros
968 1114 1007 1169 eis
1018 1128 1064 1168 ac-

264 1207 479 1268 commodavisse
505 1207 670 1274 monalium,
694 1206 766 1280 quod
790 1206 899 1274 maioris
919 1206 1004 1261 multo
1023 1213 1065 1261 est

266 1301 450 1366 contumeliae,
460 1315 540 1371 quam
554 1301 654 1357 erroris
664 1299 764 1370 aliquid
776 1299 943 1370 ignoratione
957 1297 1064 1354 fecisse.

262 1394 330 1452 Nam
344 1395 368 1450 si
386 1407 436 1449 vos
451 1392 603 1449 fateremini
616 1392 654 1456 id.
671 1391 743 1461 quod
757 1403 848 1448 vestra
868 1391 987 1463 suspirio
1002 1405 1065 1446 ere·

264 1486 388 1555 didisset,
406 1486 592 1543 formamentis
605 1486 760 1542 attribuisse
775 1485 884 1551 divinis,
898 1485 988 1541 minus
1007 1493 1067 1540 erat

264 1577 371 1650 injuria
396 1587 561 1650 praesumpta
590 1577 617 1633 in
643 1578 801 1651 opinatione
827 1592 964 1649 peccasse.
988 1576 1067 1634 Nune

264 1686 342 1739 uero,
367 1686 428 1728 curn
452 1672 524 1728 aliud
538 1671 660 1736 ereditis,
677 1681 704 1729 et
716 1672 787 1727 eliud
803 1670 912 1743 lingitis,
929 1679 957 1727 et
978 1672 1004 1726 in
1019 1685 1066 1727 eos

1112 464 1261 508 statuarum
1277 458 1527 512 consecrationibus
1540 455 1691 525 lronorare,
1707 464 1823 527 quantas
1837 455 1922 512 uobis

1113 544 1213 600 irarum
1230 546 1369 617 flammas,
1391 549 1603 620 indignationum
1623 565 1690 618 quos
1711 549 1834 605 turbines
1849 562 1921 603 con·

1112 640 1236 706 citarent,
1252 642 1273 696 si
1293 657 1403 698 suarum
1417 659 1562 715 corporum
1582 642 1684 699 foratas
1698 657 1791 698 nostra
1815 644 1922 699 vellent

1114 744 1222 804 portare
1236 746 1316 806 atque
1330 737 1454 793 obtinete
1467 737 1632 793 sitnulaera?
1645 735 1778 805 Qtrantas,
1793 736 1921 804 inquam,

1114 827 1215 883 iraturn
1239 828 1361 885 flammas
1382 830 1579 900 suffunderent,
1604 831 1768 895 excitarent,
1793 828 1818 885 si
1843 829 1923 884 urbis

1114 921 1237 976 conditor
1252 924 1383 979 ltomulus
1401 924 1505 979 asinina
1528 923 1654 979 staretis
1672 923 1751 990 faeie,
1767 924 1791 979 si
1806 933 1924 980 sanetus

1115 1014 1262 1086 Pompilius
1276 1016 1303 1071 in
1314 1018 1421 1085 carrina,
1435 1021 1457 1073 si
1469 1019 1578 1089 porcina
1593 1020 1644 1073 sub
1659 1021 1747 1089 speeie
1758 1035 1859 1074 nontea
1874 1034 1927 1076 es·

1116 1116 1158 1162 set
1178 1107 1306 1175 Catonis,
1331 1118 1379 1165 aut
1402 1109 1483 1166 llarei
1506 1111 1646 1166 Ciceronis
1671 1112 1851 1182 inscriptum?
1878 1111 1926 1168 lta

1116 1213 1180 1271 ergo
1194 1201 1368 1256 stoliditatem
1389 1213 1507 1258 rostram
1531 1219 1583 1258 non
1599 1202 1693 1271 rideri,
1714 1204 1736 1258 si
1751 1204 1852 1270 rident,
1868 1219 1927 1261 re·

1116 1295 1181 1349 stris
1196 1295 1230 1351 ab
1241 1297 1396 1352 numinibus
1409 1299 1525 1353 reatina?
1539 1308 1594 1362 ant,
1607 1299 1734 1370 quoniam
1745 1298 1864 1355 censetis
1879 1297 1927 1353 af·

1118 1387 1161 1443 liei
1175 1404 1223 1444 eos
1245 1390 1299 1456 ira,
1319 1407 1372 1446 non
1397 1392 1527 1455 insanire,
1553 1408 1607 1448 non
1631 1392 1733 1458 furere,
1757 1408 1847 1463 neque
1869 1408 1925 1463 pro

1118 1482 1223 1555 injuriis
1235 1492 1262 1539 et
1274 1485 1445 1541 contumeliis
1469 1485 1550 1541 tantis
1577 1486 1661 1542 ultum
1673 1487 1715 1542 ire
1729 1499 1760 1542 se
1782 1487 1863 1553 aelle,
1876 1486 1926 1556 ja·

1118 1576 1256 1649 colorique
1271 1583 1297 1633 in
1311 1595 1361 1636 ros
1373 1596 1422 1648 ea,
1436 1595 1497 1652 quar
1512 1580 1591 1636 dolor
1603 1590 1697 1636 suetus
1712 1591 1754 1635 est
1765 1580 1875 1649 jacere,
1893 1590 1926 1637 et

1117 1668 1275 1727 offetrsionis
1289 1673 1423 1727 acerbitas
1445 1674 1632 1729 comminisci?
1644 1673 1753 1743 Quanto
1776 1671 1863 1730 fuerat
1877 1689 1927 1731 re-

265 1765 332 1821 estis
343 1751 543 1832 contumeliosi,
556 1764 654 1836 quibus
667 1763 693 1820 id
701 1763 846 1820 attribuitis
855 1764 926 1836 quod
937 1778 984 1820 eos
997 1778 1065 1821 eon·
1079 1777 1103 1837 g
1116 1752 1186 1818 etius
1199 1762 1403 1835 elephantorum
1420 1765 1463 1820 ftis
1475 1765 1588 1830 formas,
1610 1764 1814 1835 pautlrerarnm,
1825 1775 1872 1819 aut
1886 1765 1926 1820 ti·

266 1857 381 1916 fltemiai
395 1871 449 1913 uon
469 1872 531 1915 esse
548 1867 598 1914 :et
618 1856 761 1929 irreligiosi
783 1871 844 1913 esse
865 1857 1062 1924 monstramini,
1117 1855 1236 1928 gridam,
1249 1866 1399 1924 taurorum,
1411 1873 1598 1929 equorumque
1609 1856 1805 1913 donarelllam
1818 1857 1882 1928 quid
1895 1858 1926 1913 in

264 1965 325 2008 eum
345 1951 372 2007 id
393 1950 511 2006 adoratis
531 1949 603 2022 qrtod
617 1948 734 2020 lingitis,
761 1963 814 2003 non
830 1947 903 2020 quud
916 1949 943 2004 in
959 1964 989 2005 re
1003 1963 1065 2005 esse
1119 1946 1228 2005 frumine
1239 1949 1379 2018 puleirrum
1389 1957 1440 2016 esl,
1455 1950 1518 2020 quid
1530 1964 1623 2020 quaeso
1631 1950 1803 2015 admirabile,
1815 1951 1860 2004 rel
1873 1949 1926 2005 de-

266 2041 1064 2117 ipsaqueinreritateesteeusetis.Siaselluli‚canes,porei,
1119 2054 1230 2108 eorum,
1244 2042 1295 2096 uisi
1307 2041 1379 2113 quod
1394 2051 1421 2098 et
1434 2041 1539 2099 clurino
1556 2058 1617 2098 eum
1636 2058 1733 2114 pecme
1751 2042 1922 2115 nescioquis

266 2136 413 2195 bamaaum
425 2137 525 2210 aliquid
539 2145 677 2209 saperent,
692 2135 863 2208 fingendique
876 2135 1009 2192 habereut
1023 2151 1067 2191 ar·

1119 2146 1214 2191 auctor
1228 2136 1313 2192 voluit
1325 2150 1386 2194 esse
1400 2137 1562 2194 commune?

907 2226 1096 2286 escuelles
1113 2226 1318 2287 VdeANTES.

278 2286 389 2378 'assae
400 2320 568 2379 attt:sursse
583 2336 630 2378 nu.

929 2407 1215 2470 contrarietates

267 2522 322 2566 ttno
345 2506 485 2565 Clemente
504 2505 689 2564 Alexandrino
710 2512 836 2562 constare
860 2512 961 2575 potest.
977 2504 1014 2559 Αι
1032 2505 1068 2560 de

271 2580 474 2637 immanioribus
485 2588 514 2635 et
526 2577 708 2635 floridioribus
720 2577 819 2632 litteris
832 2578 969 2647 asperiora
984 2576 1065 2632 etiam

269 2652 380 2708 fuerunt
399 2662 519 2707 reterutn
540 2648 757 2706 Christianorum
776 2647 888 2716 judicia.
911 2647 1069 2719 Tragoedias

270 2724 343 2779 enirn
357 2732 384 2777 et
396 2721 553 2786 eontoedias,
566 2722 671 2790 aliaque
682 2728 780 2774 caetera
796 2728 935 2789 poetarum
949 2721 1068 2787 scripta,

270 2794 342 2865 qtttrd
357 2808 388 2848 ea
403 2793 437 2850 ad
457 2792 570 2849 solidarn
584 2792 735 2847 doctrinata
751 2791 876 2846 conferre
897 2789 963 2844 ttiitil
978 2790 1069 2845 existi·

272 2874 394 2933 moreat,
410 2874 540 2936 preterea
561 2863 670 2919 lascivia
687 2873 715 2918 et
735 2861 901 2932 turpitudine
917 2869 1022 2916 scatere
1036 2876 1069 2915 ae

1119 2522 1199 2575 supra
1214 2507 1338 2564 tidintrts.
1355 2509 1431 2567 Fulv.
1460 2510 1552 2568 Ursin.
1577 2513 1648 2585 conj.
1667 2530 1674 2566 r
1695 2512 1772 2581 Quod
1792 2528 1886 2579 reapse
1895 2514 1926 2568 in

1119 2580 1224 2632 ueritate
1237 2595 1291 2634 esse
1305 2583 1422 2646 uerrutis,
1446 2585 1577 2654 probante
1594 2583 1711 2640 lleraldo
1730 2584 1758 2639 in
1771 2584 1852 2641 Curis
1877 2601 1926 2642 se·

1120 2649 1225 2705 enrnlis.
1243 2652 1345 2706 Orsus.
1604 2685 1607 2688 ,

1157 2720 1188 2774 Si
1207 2723 1327 2790 aselluli,
1351 2740 1436 2791 canet,
1460 2736 1513 2781 etc.
1537 2726 1602 2782 llec
1622 2742 1747 2798 expressa
1771 2727 1925 2784 ridenture

1120 2790 1296 2861 Xettoplranis
1318 2793 1479 2863 Colophonii
1501 2799 1636 2858 versibus,
1650 2799 1696 2863 arri
1710 2799 1830 2866 legaretur
1845 2800 1924 2868 apud

1120 2862 1251 2918 Cletttent.
1264 2864 1339 2918 allex.
1349 2865 1489 2930 Strontat..
1501 2869 1547 2924 lib.
1559 2885 1585 2933 r,
1593 2885 1619 2942 p.
1629 2869 1694 2934 256,
1708 2881 1734 2925 ct
1743 2870 1924 2935 theodoret,

273 2937 403 2993 fattulosa.
419 2935 577 2991 moloniae
592 2935 804 3005 promptuarium
822 2947 883 2988 esse
905 2932 1067 2998 crederent,
1083 2949 1105 3012 C
1122 2946 1215 2989 eontra
1230 2933 1352 2999 Gtaeros,
1368 2947 1438 2993 orat,
1452 2956 1490 3006 nt,
1507 2956 1532 3009 p.
1554 2942 1599 2997 tlt.
1616 2942 1774 2996 Adserilratn
1792 2940 1835 2995 lrie
1846 2942 1924 3006 illas,

271 3008 485 3077 aspernabantur
497 3017 524 3062 et
537 3005 710 3061 damnabant.
731 3004 798 3059 ilino
817 3003 954 3058 existimat
967 3003 1070 3057 Tertul·
1121 3006 1348 3073 rpttetttadntttdttttt
1363 3012 1497 3067 emendati
1510 3023 1572 3067 sunt
1583 3014 1616 3067 ab
1627 3013 1673 3066 illo
1685 3013 1784 3075 irruertii
1798 3014 1925 3068 elontuis

273 3079 360 3134 liantts
375 3078 445 3134 libro
458 3079 492 3134 de
506 3076 668 3134 idololatria.
683 3075 887 3146 ludimagistros
906 3086 931 3128 et
954 3085 1069 3131 eeteros

273 3149 442 3222 professores
455 3149 606 3205 litteratura
620 3149 707 3220 affines
720 3163 773 3204 etse
787 3146 1069 3201 multimodeeidalole·

274 3221 347 3284 trite,·
372 3220 463 3289 quidue
489 3236 590 3275 neeesse
614 3230 651 3274 eat
675 3220 736 3273 deor
761 3219 892 3272 nationum
917 3218 1067 3289 praedicere,

273 3292 398 3357 montino,
422 3291 603 3363 pmeataplae,
626 3290 745 3364 fabulas,
762 3299 911 3344 ornamento
926 3289 1069 3357 ltaarorr'pca

272 3377 378 3432 pureque
388 3378 476 3417 eorunt
489 3361 621 3417 enuntiare
634 3371 687 3417 ete.
703 3362 734 3415 b't
748 3359 879 3430 Origenes
892 3359 961 3414 libro
974 3371 1068 3415 eontra

272 3432 381 3489 Celsum
402 3434 483 3489 tertio
502 3441 595 3489 exerte
609 3431 656 3493 ait,
672 3430 859 3488 aClrristianis
874 3429 1009 3501 magistris
1021 3446 1070 3487 eos

272 3504 477 3576 reprobari,‘·qai
488 3504 634 3560 comoedias
644 3514 672 3560 et
684 3502 783 3559 lasciua
796 3510 918 3572 poemata
931 3514 1068 3567 etrarrent,

273 3591 327 3631 nou
341 3591 431 3633 aurern
446 3591 504 3640 eus,
520 3577 565 3646 qui
580 3575 677 3630 seriam
694 3573 902 3644 philosophiam.
918 3571 1039 3628 bennun.

312 3647 388 3716 Quod
413 3655 539 3702 rtrulorunr
553 3646 821 3713 aninmatirmrformio
844 3644 936 3698 diuinis
955 3645 1072 3700 inamoe-

272 3719 325 3773 rt'nt
339 3719 432 3775 cautis.
447 3717 653 3773 decomodatius
672 3715 782 3772 forsitan
797 3715 847 3787 legi
865 3726 978 3785 posset:
994 3714 1070 3770 Diui·

272 3791 312 3844 ait
324 3790 477 3844 inseruerint
493 3789 617 3843 censibus.
638 3787 691 3845 Sed
715 3787 779 3842 trilril
794 3796 899 3841 tnutere
912 3789 1007 3842 ausim.
1024 3787 1072 3842 lla·-

272 3861 338 3916 oitue
362 3876 446 3915 eausre
466 3861 591 3916 vitientur
613 3860 641 3913 lt.
664 3859 682 3913 Ι.
707 3859 778 3915 idem
800 3874 862 3914 esse
887 3859 958 3930 qutrd
978 3858 1072 3914 diuinae

274 3942 420 4003 potestates,
433 3931 474 3986 die
489 3929 686 3986 Gottermucltte.
699 3933 801 3985 (ιιιειι.

310 4002 471 4074 narrataque
497 4003 650 4074 uodtpeer'er
663 4002 744 4056 multo
759 4001 977 4070 tltureuccr'piaat.
987 4000 1070 4068 lrtfra,

274 4073 321 4130 lib.
349 4090 393 4138 ιιι,
416 4089 441 4130 c.
464 4020 519 4129 23:
536 4074 569 4129 Et
582 4073 651 4144 praed
665 4074 740 4128 tellus
754 4084 790 4127 ert
802 4082 892 4137 rnuler,
906 4074 1072 4128 comitialiter

273 4147 387 4272 grauidis
411 4147 561 4215 accipienda
580 4155 617 4199 ιιι
638 4146 737 4213 scrupis.
755 4142 791 4198 lta
805 4145 876 4204 θεοὺς
895 4143 1072 4215 ὑποδέχεσθαι

298 4217 362 4272 ranei
373 4217 531 4286 frequenter
541 4217 625 4271 aitrut.
640 4215 839 4279 Artetnidorrts,
857 4214 901 4268 lib.
919 4230 958 4269 ιιι.
973 4236 997 4268 e.
1011 4215 1046 4269 ιι
1062 4232 1068 4268 :

273 4289 361 4375 ino’rp
376 4291 401 4343 ιν
412 4289 567 4363 περιστάσει
580 4287 703 4359 peripteroe
716 4287 807 4342 θύουσί
827 4306 854 4341 τι
876 4293 932 4346 τοῖς
951 4287 1018 4347 θεοῖς
1031 4290 1073 4342 reri

275 4357 447 4428 ὑποδιχοιται
460 4360 561 4419 αὐτούς.
575 4359 696 4412 Helenen.

312 4426 382 4483 le.
410 4458 445 4470 -
470 4428 540 4481 llicit
568 4444 657 4482 earrsa.
684 4428 721 4481 lta
750 4426 868 4481 correxit
897 4427 922 4483 J.
953 4427 1077 4497 Lipsius,

276 4495 349 4551 Dicis
359 4513 445 4561 caure,
456 4497 481 4552 id
490 4507 531 4553 est
538 4500 689 4574 προφάσεως
698 4500 778 4561 inre,
788 4497 813 4551 λ’
833 4518 860 4551 ου
869 4500 947 4575 χάριν
958 4515 966 4552 :
978 4502 1072 4565 verbo,

275 4583 329 4622 non
344 4584 374 4624 re
390 4583 397 4622 :
413 4570 438 4623 in
454 4568 582 4637 spectent,
599 4585 660 4622 uum
671 4569 791 4625 Seneine.
827 4570 862 4623 nl.
881 4571 915 4624 Α.
931 4570 1000 4625 Bosii
1013 4570 1070 4629 lud.

276 4638 312 4693 ad
324 4638 432 4695 Cornel.
444 4639 540 4708 Nepae.
551 4658 559 4708 3
569 4643 589 4694 d
601 4638 688 4694 Scltll.
701 4638 780 4694 0ltss.
793 4639 886 4703 llum„
900 4641 945 4695 litt.
956 4658 982 4708 v,
991 4656 1016 4694 e.
1026 4644 1072 4709 55;

277 4708 409 4773 Τιιιιιιιι.,
430 4709 558 4774 advers..
575 4710 622 4766 lib.
650 4727 687 4774 ιιι,
706 4726 731 4767 e.
747 4708 793 4775 ιθ,
810 4711 855 4780 qni
869 4713 974 4767 aler-irat
994 4728 1073 4768 aratra

277 4781 346 4848 dieo,
364 4783 395 4846 ιε,
412 4783 459 4837 scd
482 4798 497 4836 a
518 4782 586 4845 dico,
609 4799 648 4848 as,
671 4792 699 4835 ιιι
724 4781 758 4836 sit
773 4789 908 4854 lantqnarn
938 4784 1075 4839 dicationis

278 4863 406 4918 corruet
420 4852 528 4908 Ernesti
543 4853 618 4908 Clau.
630 4853 685 4909 Cio.
704 4853 791 4909 Editio
805 4855 929 4925 prinecps
943 4856 1022 4910 lioru.
1038 4857 1076 4911 ri-

279 4924 423 4980 tiosissime
438 4925 504 4980 dotis
522 4941 610 4980 rausa.
626 4925 727 4982 Oneon.
848 4935 851 4941 '

315 4992 507 5049 Fornranretrtie
529 4997 675 5051 utenbuitse
697 4996 800 5052 diuinis.
826 4996 865 5052 lla
880 5014 930 5052 nas.
946 5005 974 5053 el
996 4997 1074 5052 Fttlr.

280 5064 371 5122 Ursin¹
385 5066 456 5121 Edit.
471 5066 549 5121 Rom.
567 5070 677 5138 formant
693 5069 794 5134 attentis,
809 5070 889 5125 ntale.
905 5067 1077 5123 Formuntett·

285 5149 339 5192 tunt
350 5152 400 5192 tor
414 5136 584 5202 Lucretiana,
598 5153 627 5203 tt,
644 5154 715 5193 vers.
732 5139 803 5195 518:
856 5178 860 5184 .

329 5264 542 5282 ......
574 5229 845 5295 Omniapriueipiorum

328 5290 499 5345 Formamenta
509 5300 605 5356 queunt
614 5295 639 5343 in
650 5296 738 5357 queris
747 5308 803 5346 esse
814 5298 905 5348 nitore.

618 5377 761 5434 lisutuous
775 5388 803 5435 et
816 5378 1005 5437 Euuennortsr.

320 5490 383 5547 Non
396 5492 465 5563 quod
477 5493 503 5548 iat
518 5508 546 5549 re
559 5507 623 5559 etse,
639 5492 746 5562 ipsaque
764 5493 792 5547 in
805 5496 910 5550 sensate
932 5505 978 5553 erl.
990 5512 1080 5553 rente·

284 5563 326 5618 tir.
340 5563 377 5617 lta
388 5579 439 5618 ms.
454 5580 533 5632 quam
548 5565 690 5619 lectionem
706 5575 809 5619 terruere
821 5565 855 5619 ab
874 5566 935 5619 aliis
951 5578 1080 5623 mutatam

277 5635 422 5689 revocarit
433 5638 477 5689 cd.
492 5634 579 5705 bugd.
597 5634 655 5688 Bm.
674 5634 722 5689 Est
746 5635 805 5688 sril.
820 5634 965 5690 verborum
981 5640 1081 5708 trajec-

276 5702 322 5757 tio
337 5718 385 5769 pro
399 5719 450 5757 nort
464 5705 533 5772 quoti
554 5706 582 5759 ιιι
605 5721 633 5759 re
648 5722 702 5760 erte
716 5705 833 5759 tentetis.
846 5705 964 5775 quodque
986 5710 1082 5776 ipsein

285 5770 391 5826 saltare
415 5779 462 5829 ert.
477 5771 512 5827 Et
534 5774 604 5831 tales
627 5775 800 5847 trajectioues
821 5790 913 5833 amare
934 5776 1083 5836 Arnobium

1121 3075 1254 3147 politioris
1270 3078 1427 3136 litteraturae
1444 3084 1575 3155 principe,
1589 3084 1647 3140 ios.
1660 3083 1798 3155 scaligero
1817 3101 1823 3140 :

1199 3174 1244 3223 Ᾰλι·
1257 3182 1272 3223 ti
1283 3198 1313 3223 τοι
1324 3189 1383 3238 pcipi:
1395 3189 1411 3240 γ’
1424 3184 1469 3240 ripas
1482 3191 1522 3240 βὸις
1534 3191 1555 3238 ιιι
1565 3191 1652 3239 llorere,

1199 3248 1237 3285 ttul
1245 3248 1313 3299 γράψει
1323 3253 1410 3300 ptipteet,
1420 3253 1451 3289 ιιι
1466 3251 1509 3302 ippu
1516 3253 1582 3297 aetna,
1593 3253 1639 3303 drap
1650 3249 1727 3303 ἄιδρις.

1200 3311 1238 3347 liei
1249 3323 1270 3347 ιιι
1278 3310 1320 3348 teas
1332 3308 1383 3358 idlae
1394 3312 1469 3364 ipptpor
1479 3316 1510 3353 sut
1521 3318 1593 3364 σώματ’
1605 3317 1677 3355 leolam

1199 3366 1275 3431 'setabi'
1287 3365 1358 3425 ιῖιιτερ
1369 3377 1399 3413 ιιι
1406 3377 1459 3413 αὑτοὶ
1470 3371 1526 3425 diepa<
1536 3372 1584 3428 εἶχον
1596 3377 1667 3428 ripole,

1201 3437 1254 3472 trata
1264 3436 1295 3483 po
1307 3435 1322 3473 ι’
1333 3436 1413 3483 irroret,
1425 3440 1465 3488 βόες
1477 3435 1498 3477 δι
1509 3454 1530 3478 τε
1542 3441 1604 3491 βουσὶν
1614 3441 1674 3491 opole.

1733 3514 1845 3565 Eume.

1160 3583 1286 3669 litteratas,
1313 3592 1443 3661 inquam,
1470 3594 1570 3650 irarum
1597 3599 1716 3668 firmaras
1734 3598 1925 3664 tuffrraderettt,

1122 3668 1286 3714 cotrertarent.
1318 3662 1394 3718 Fulr.
1427 3664 1541 3721 Ursinus
1567 3669 1638 3739 erruj.
1667 3669 1840 3736 effunderent.
1872 3670 1926 3726 Sed

1122 3728 1300 3814 superteneat
1316 3734 1385 3790 bene
1397 3735 1517 3791 defendit
1531 3738 1545 3792 J
1550 3781 1556 3793 .
1573 3739 1618 3794 Fr.
1629 3739 1781 3796 Gronovius
1797 3741 1925 3809 oraturio,

1122 3799 1155 3854 ad
1171 3802 1253 3869 brat,
1270 3818 1296 3874 p.
1310 3806 1374 3873 llll,
1386 3807 1472 3862 citans
1485 3809 1590 3877 Silium,
1606 3811 1654 3867 lib.
1668 3829 1706 3879 tt,
1717 3812 1769 3868 tot
1786 3830 1794 3868 :

1171 3930 1390 3948 ......
1422 3898 1567 3951 Sulfuderal
1577 3915 1621 3951 ora

1168 3957 1284 4019 Sanguis,
1298 3965 1323 4009 et
1334 3967 1425 4011 alorro
1433 3964 1570 4027 surgebant
1582 3964 1674 4015 lumine
1687 3967 1797 4017 damnate.

1122 4040 1204 4096 etlib.
1222 4059 1260 4106 rr,
1275 4044 1347 4099 ets:

1169 4131 1232 4181 'l'uat
1244 4136 1314 4196 tirgo
1324 4139 1458 4199 ignescens
1466 4143 1576 4204 penitus,
1586 4141 1697 4193 uiolenta
1707 4150 1814 4207 repente

1169 4194 1277 4247 sntfudit
1288 4199 1393 4250 flammis
1403 4215 1455 4252 ora.

1124 4298 1316 4371 ctClandian.,
1331 4304 1356 4360 in
1370 4305 1453 4363 Cous.
1471 4309 1562 4379 ilallii,
1578 4314 1690 4370 versili
1707 4332 1714 4368 :

1498 4406 1552 4456 Nee
1568 4408 1660 4457 lumina
1671 4410 1753 4460 ferror

1172 4458 1286 4522 Asperat,
1294 4468 1337 4512 aut
1348 4464 1444 4517 rabidas
1455 4467 1572 4520 suffundit
1582 4472 1703 4534 sanguine
1715 4485 1799 4525 renas.

1768 4555 1857 4607 Ottsuu.

1163 4628 1194 4683 Si
1218 4641 1321 4714 sattelue
1337 4632 1493 4702 Potrtpilius.
1508 4638 1617 4706 Nescio,
1634 4641 1696 4713 qnid
1716 4640 1764 4695 sibi
1780 4641 1864 4694 velint
1882 4638 1925 4695 le·

1126 4712 1221 4766 getttes
1234 4720 1254 4755 at
1269 4705 1353 4759 rlttcrtr
1368 4706 1521 4778 Pompilius.
1535 4715 1613 4782 Atqui
1628 4723 1728 4767 euraclus
1738 4722 1812 4767 reete
1823 4710 1926 4766 dicitur

1127 4769 1211 4854 Nttnra
1223 4772 1370 4844 Pompilius
1385 4793 1446 4833 eurn
1469 4784 1504 4837 ob
1520 4784 1582 4837 ritae
1603 4786 1793 4855 integritatem,
1809 4792 1867 4837 tant
1888 4784 1926 4838 ob

1127 4844 1229 4926 eredita
1240 4846 1311 4899 tilius
1325 4864 1384 4903 curu
1395 4851 1448 4905 diis
1462 4855 1609 4909 cortsartia.
1621 4855 1725 4911 Οιιειι.

1165 4912 1224 4996 Nysa
1238 4918 1307 4984 quod
1322 4929 1345 4972 et
1359 4921 1461 4976 eltrrino
1474 4942 1530 4978 curn
1544 4944 1636 4997 pecore
1657 4929 1743 4982 nescio
1757 4927 1813 4997 ptris
1834 4936 1926 4981 erretur

1127 4983 1273 5067 oolurtueare
1287 5004 1428 5047 contutatur.
1451 4996 1584 5065 Optitnattr
1604 4998 1672 5052 ltane
1691 5009 1720 5053 et
1733 4999 1810 5054 uriee
1832 5014 1927 5053 terent

1128 5055 1230 5111 eodtcts
1245 5073 1295 5141 ms.
1313 5060 1468 5129 lectionem,
1484 5068 1517 5121 ab
1543 5069 1658 5123 lleraltlo
1678 5074 1775 5124 merito
1788 5086 1926 5125 commetr-

1129 5123 1230 5192 datant,
1246 5145 1348 5198 prtmus
1361 5135 1386 5188 in
1403 5144 1504 5191 teuttnn
1518 5142 1654 5195 revocarit
1668 5139 1826 5198 Salrttasius.
1839 5141 1926 5196 Clusi·

1129 5214 1189 5250 nunt
1204 5216 1281 5283 pecus
1301 5206 1440 5285 esthsirnia.
1457 5210 1551 5279 Papias
1567 5230 1574 5264 a
1590 5211 1668 5266 Clara
1680 5211 1719 5265 orl
1728 5213 1856 5267 clurinum
1868 5211 1926 5283 (pe-

1130 5269 1189 5341 etts)
1205 5287 1279 5357 sauna
1302 5273 1404 5331 situatur.
1429 5278 1508 5335 Clara
1521 5283 1580 5337 scil,
1601 5292 1769 5337 eatrtraetutn
1785 5299 1800 5337 e
1815 5286 1925 5337 liraeeo·
2011 5342 2015 5349 ,

1130 5353 1190 5394 t'tlttt
1204 5344 1318 5421 uoloupu,
1332 5356 1359 5400 ut
1371 5349 1447 5418 glans
1459 5367 1492 5405 ex
1500 5354 1618 5426 peioraue.
1634 5355 1767 5431 Kalamos,
1781 5355 1827 5424 (llll
1841 5354 1926 5409 eattde

1131 5416 1383 5495 caretrelruutilam
1399 5421 1681 5479 traneteauoarrr.ilate
1696 5430 1781 5495 iutpp.
1797 5424 1926 5492 :soloen

1131 5483 1216 5537 rerba
1239 5483 1333 5541 etruria.
1353 5489 1431 5545 Coaf.
1463 5493 1577 5548 Salnrm.
1605 5496 1639 5550 arl
1666 5496 1776 5559 sotira,
1804 5512 1830 5564 p·
1857 5494 1926 5559 267:

1133 5554 1241 5638 Sauara¹
1249 5558 1282 5611 ad
1296 5559 1402 5627 Siloa,
1427 5581 1454 5632 p.
1479 5566 1561 5631 l;et
1586 5567 1708 5634 inprimis
1732 5566 1928 5631 liuttelteu.,ad

1134 5627 1282 5687 Sartronre..
1313 5632 1346 5685 tle
1371 5632 1479 5701 lli-die..
1498 5652 1569 5692 tcrs.
1580 5638 1645 5698 825.
1661 5640 1686 5691 in
1700 5638 1776 5693 Puer.
1791 5639 1837 5692 lat.
1851 5639 1928 5704 min,

1133 5697 1341 5782 Pellttrmauui,
1358 5706 1411 5758 tol.
1426 5721 1455 5772 tr,
1473 5724 1499 5777 p.
1515 5709 1578 5764 sto.
1593 5709 1670 5776 Quod
1684 5724 1736 5764 nou
1753 5708 1930 5779 intelligentes

1135 5784 1238 5841 prtmus
1252 5770 1340 5830 edatur·
1352 5773 1464 5834 Sabaeas
1481 5789 1510 5835 et
1520 5783 1610 5841 carte-ri
1624 5795 1687 5837 eunt
1703 5780 1801 5849 secuti,
1817 5789 1929 5851 excepto
