4150 6250
144 313 200 379 cit
730 318 765 375 tii
792 317 984 389 1111111111,
1004 316 1083 379 CAP.
1106 316 1191 379 XXV.
1741 313 1794 373 tta

144 443 210 508 pato
223 450 231 490 ε
246 434 473 497 «musionium
486 480 493 506 ‚
512 456 523 495 r
539 437 577 493 ait
591 436 637 495 dle
648 434 945 510 .'ruertriduambabi·
957 440 985 503 Α
996 439 1118 508 clinare,
1144 452 1193 497 scu
1206 440 1391 513 grammeticae
1413 440 1504 512 leges,
1519 446 1565 495 aut
1580 432 1743 495 rhetoricam
1763 445 1793 493 et

144 537 214 593 tuuu
228 527 390 589 decemuiris
413 544 552 589 sacrorum
566 530 940 601 cumutibsszserpultina·
992 532 1159 590 dialecticam
1174 535 1296 605 apprime
1311 528 1789 608 sturemut‘lilbid„erudietur.)

143 623 186 681 ria
198 623 225 681 in
237 632 383 696 conspectu
396 622 493 689 luere,
511 623 571 683 lori
591 633 619 680 et
637 623 734 681 iuueni
750 640 852 689 uuum,
874 623 942 680 alte·
993 626 1049 683 sed
1074 635 1135 697 quo
1157 626 1222 683 iude
1246 628 1297 683 nisi
1321 627 1413 699 pueris
1427 640 1496 681 rana
1525 625 1644 681 scientiae
1655 622 1791 694 iactatiol

144 730 208 772 ruat
233 714 358 786 Neptuno
372 715 556 783 aedituus,
570 717 678 775 oeruum
692 716 770 775 llarti
785 715 941 781 ctionem,
992 718 1063 775 Num
1077 719 1139 791 qaia
1153 719 1249 775 atrimae
1260 736 1354 776 eurum
1369 719 1413 776 rcl
1426 720 1459 774 ab
1479 721 1535 791 ipsa
1554 733 1600 774 sua
1614 717 1719 788 origine
1732 715 1791 772 aliis

143 818 271 879 quartoue
295 807 412 877 Apollini
438 824 470 865 ac
493 809 585 867 biano
599 852 607 877 ,
623 809 745 879 quintum
767 809 889 866 Vulcano
909 822 942 865 ac
992 810 1287 882 quibuslibettcicutiis
1298 821 1325 868 et
1336 811 1467 868 doctrinis
1480 810 1589 866 imbutae
1603 807 1791 865 lueruntlSed

143 901 256 969 vestu,
280 912 387 961 sextum
409 902 543 965 llerourio
570 919 603 961 ac
624 902 872 973 Graecinium,
895 904 940 960 tit.
963 957 965 961 ,
993 902 1194 960 huncerrorem
1202 904 1268 960 sutis
1282 904 1316 959 ab
1326 903 1386 975 ipso
1400 903 1520 959 drnrrbio
1530 900 1696 957 contutatum
1710 899 1794 956 luisse

142 992 241 1066 nui
257 993 313 1065 lu).
328 994 411 1055 Videt
431 1004 507 1055 certe
529 996 556 1051 in
578 995 621 1051 bit
638 996 812 1053 lectisterariis
826 995 892 1051 deos
913 995 941 1050 iu
992 997 1157 1053 omeudluaus
1172 998 1277 1070 (Suum,
1291 1015 1350 1069 cup.
1363 998 1390 1064 9,
1403 1004 1454 1051 ιιι.
1467 995 1506 1069 1).
1519 996 1792 1067 Numquiatcieutias

142 1084 226 1143 lectis
240 1095 268 1143 et
282 1087 465 1158 puluinaribus
487 1088 643 1155 collocutos.
662 1099 690 1144 et
704 1089 773 1156 illis,
791 1100 819 1144 ut
839 1089 940 1144 malum
993 1099 1105 1146 etartcs
1124 1090 1216 1146 labore
1229 1100 1257 1146 ct
1269 1091 1462 1146 exercitatione
1480 1088 1723 1159 comparaveruut?
1740 1086 1792 1144 ie·

142 1176 254 1249 aliquod
269 1187 433 1246 sumerent,
449 1181 640 1250 supplicatum.
657 1182 793 1237 arnobius
807 1194 873 1236 reru
885 1179 941 1236 Ge·
993 1170 1052 1237 rum
1068 1198 1148 1253 quam
1161 1183 1256 1254 exigua
1269 1183 1305 1238 sit
1316 1183 1360 1237 iila
1375 1182 1514 1238 bominum
1527 1181 1651 1247 scicntia,
1661 1180 1788 1237 iudecul·

141 1271 215 1329 reris
240 1280 340 1327 tantum
367 1272 502 1341 muniuit,
524 1273 573 1333 sed
594 1274 711 1345 armenii
731 1289 822 1331 causa.
847 1273 942 1344 lleque
992 1273 1156 1346 ligauqmd
1169 1272 1790 1344 martoretaqsasaunuadtexordioetates‚

142 1367 218 1423 enirn
245 1366 338 1425 eisoli
359 1366 556 1425 lectisternium
576 1366 674 1424 lamam
690 1366 773 1425 luisse
795 1366 940 1439 significat.
993 1380 1047 1421 non
1062 1365 1146 1421 multu
1165 1380 1243 1429 saue.
1262 1366 1309 1422 sed
1332 1380 1465 1436 perpauca
1477 1365 1622 1421 admodum
1645 1374 1721 1420 corto
1743 1379 1789 1420 co·

143 1459 324 1519 Ethuicorum
351 1474 417 1515 uero
439 1461 571 1517 insaniam
590 1461 651 1532 jure
672 1462 771 1519 atterite
784 1460 940 1532 redarguit,
993 1471 1134 1532 quotcuut.
1153 1460 1249 1518 Nonne
1268 1462 1341 1517 enirn
1363 1460 1505 1517 «Socrates
1517 1480 1542 1529 ,ι
1562 1461 1789 1533 quemadmodum

142 1562 178 1607 ut
188 1561 248 1623 pote
258 1554 303 1622 qui
316 1552 385 1609 deos
398 1568 461 1611 suus
471 1569 516 1620 ro,
532 1568 586 1625 utto
597 1554 728 1621 diximus,
738 1554 819 1611 modo
833 1556 861 1611 ia
872 1555 942 1611 mot-
994 1556 1113 1627 loquitur
1137 1565 1232 1613 auctor
1256 1566 1371 1624 noster,
1390 1575 1400 1609 ι
1417 1555 1648 1626 cutuprelacndere
1658 1555 1751 1627 nequit
1765 1556 1792 1611 in

143 1644 218 1702 libas
229 1645 305 1701 lectis
333 1656 361 1705 et
385 1646 571 1721 puluinaribus
589 1645 722 1717 palamne
734 1647 942 1717 publicemus
993 1648 1125 1705 Pindum
1138 1650 1200 1721 (aas.
1221 1642 1484 1720 sequereturne
1503 1649 1565 1720 quid
1585 1649 1635 1716 sit,
1651 1660 1697 1704 aut
1722 1644 1793 1704 uude

143 1738 246 1794 cubare
260 1738 451 1808 opinabantur.
994 1743 1278 1814 sicimorumque,
1295 1742 1412 1808 rrrobiiis,
1426 1742 1525 1813 pellax,
1542 1740 1794 1812 multiplc1.mtrlti·

180 1830 304 1902 Denique
317 1832 364 1888 ilic
381 1831 464 1889 simili
479 1831 561 1902 plane
574 1830 655 1889 ruodo
668 1831 737 1889 alios
748 1830 873 1889 exsibilat
894 1847 943 1889 ex·
956 1838 981 1901 Β
995 1835 1100 1904 formis,
1113 1839 1139 1893 in
1160 1851 1227 1908 quos
1246 1852 1309 1892 usus
1331 1826 1450 1907 prolatus
1469 1837 1521 1899 sit,
1535 1835 1611 1905 cuius
1626 1834 1794 1905 excogitatus

142 1925 284 1999 ploditque
305 1924 391 1983 iestus
410 1924 485 1992 dies,
500 1939 569 1996 quos
582 1934 692 1996 propter
703 1925 816 1982 deorum
831 1939 942 1985 suorum
995 1928 1115 2000 ingenio,
1127 1929 1190 2000 quid
1200 1929 1227 1983 iu
1239 1928 1338 1984 murrdo
1349 1928 1438 1995 iaciat,
1453 1943 1503 1984 cur
1516 1927 1650 1983 malorum
1664 1936 1793 1981 tautaex·

142 2021 248 2077 natales
257 2021 395 2079 celebrare
408 2022 579 2078 ethnicorum
594 2029 731 2077 nubserat.
746 2019 834 2077 Ursico
844 2029 936 2077 autem
995 2026 1116 2096 periatur
1136 2022 1280 2080 examinat
1295 2042 1305 2076 ι
1320 2021 1420 2096 (tud,
1436 2039 1462 2094 p.
1477 2021 1544 2094 til.)
1570 2019 1669 2077 Verum
1691 2034 1741 2076 cur
1757 2020 1795 2077 ibi

142 2113 261 2170 Telluris
273 2113 409 2185 exemplo,
423 2112 893 2171 caeterosoruuesdamnaudosesse
907 2112 941 2167 ita
994 2134 1045 2189 pro
1064 2116 1191 2186 l’ioedro,
1206 2117 1233 2173 lu
1259 2116 1338 2174 editis
1359 2115 1477 2188 positum
1496 2116 1531 2174 sit
1553 2115 1703 2182 Phaedone,
1719 2115 1793 2171 nulla

143 2205 287 2263 obaudit:
317 2204 456 2261 «Telluris
480 2204 576 2261 tantalis
596 2211 647 2260 est.
666 2204 705 2259 ilii
725 2205 797 2259 euim
810 2219 844 2261 ex
858 2202 943 2259 uteris
994 2225 1083 2281 neque
1102 2211 1128 2265 in
1143 2210 1321 2276 editionibus,
1337 2225 1425 2280 neque
1441 2210 1467 2265 in
1490 2209 1710 2264 adnotationibus
1722 2208 1793 2264 ratio

143 2299 289 2370 prodeunt,
303 2308 332 2355 et
350 2298 451 2355 liabent
462 2297 616 2363 diesiutos,
630 2296 729 2367 quibus
745 2297 942 2366 cucurtatum
995 2303 1117 2360 affertur.
1132 2303 1160 2359 ln
1173 2302 1292 2360 Platonis
1312 2313 1401 2361 tamen
1416 2302 1532 2361 Pltaedro
1547 2303 1673 2360 Socrates
1687 2300 1795 2357 induci·

143 2403 188 2447 ⁰⁸1
200 2406 294 2449 autaut
308 2405 439 2462 usurpare
460 2390 568 2449 Vllilssffi
588 2409 598 2445 ⁸
618 2390 739 2461 (Almia
753 2389 797 2445 ml·
814 2405 866 2455 issi
880 2406 941 2460 titt·
996 2408 1038 2456 tur
1049 2397 1138 2471 (Plato
1151 2399 1178 2452 in
1193 2396 1313 2464 Pbcrdr„
1325 2408 1386 2453 tom.
1399 2414 1439 2463 tu,
1453 2416 1480 2469 p.
1495 2396 1573 2467 25⁰),
1589 2395 1719 2465 seipsum
1729 2409 1794 2450 cou-

142 2483 222 2557 238)·
233 2483 268 2541 At
280 2498 334 2541 tion
349 2484 428 2543 uultis
442 2492 544 2541 labium
560 2481 677 2541 Tellurli
691 2481 787 2537 millii
799 2480 875 2547 (¹10⁵,
894 2479 942 2537 ὅθί)
995 2490 1149 2555 siderando,
1165 2491 1396 2561 inquirereutrum
1409 2490 1444 2546 sit
1458 2489 1557 2557 bellua,
1569 2488 1793 2561 Typhonemagit

142 2576 280 2632 1311011111
293 2592 402 2647 (11101111θ
411 2576 535 2644 1110111111,
548 2577 584 2631 11ῑί
599 2573 737 2639 Mercurii»
750 2573 878 2629 fllsserioe
890 2613 898 2637 ι
912 2581 941 2627 el
995 2583 1136 2655 multiplex
1146 2625 1154 2652 ,
1166 2584 1293 2651 demens,
1309 2593 1336 2640 et
1354 2583 1453 2639 luriusa
1466 2600 1474 2650 ;
1488 2583 1530 2640 rel
1543 2582 1678 2654 quoddam
1692 2580 1793 2637 animai

142 2666 222 2725 10qu
243 2668 403 2737 Afflffl⁰¹¹i⁸a
423 2670 450 2725 5¹1
475 2668 560 2726 reteri
577 2678 705 2725 0013111111
717 2666 897 2732 Κθῑθῐιᾱθῐῑθι
915 2666 942 2723 lii
995 2677 1162 2733 mansuetius
1176 2685 1257 2748 atque
1269 2675 1429 2748 simplicius,
1441 2675 1539 2731 diuinae
1552 2673 1702 2746 cujusdam,
1717 2686 1746 2730 ct
1758 2672 1793 2731 ab

143 2760 220 2834 quod
248 2761 383 2819 Lambecii
403 2772 481 2819 nolas
506 2763 596 2834 lusere
611 2762 723 2834 boletis·
738 2759 815 2819 Unde
828 2759 942 2819 urtam
995 2768 1147 2825 ottruilastn
1157 2778 1185 2825 et
1198 2769 1341 2826 insolentia
1355 2769 1451 2825 alienu
1461 2768 1543 2825 sortis
1555 2783 1588 2824 ac
1600 2766 1794 2838 naturaapartl-

144 2855 199 2913 uus
213 2873 222 2910 z
241 2874 251 2908 t
265 2856 422 2922 Locorum,
440 2874 451 2911 t
467 2855 573 2926 iuquit,
598 2853 818 2913 «celebrationes
831 2852 944 2911 deorum
996 2876 1070 2932 ceps.
1084 2859 1179 2919 Utrum
1194 2876 1259 2917 vero
1271 2871 1365 2919 auctor
1379 2871 1470 2917 noster
1484 2859 1555 2916 butte
1569 2860 1690 2916 Platonis
1703 2858 1791 2914 locum

144 2949 214 3007 iesta
236 2960 317 3017 surm
338 2950 470 3022 siquidem
491 2950 526 3005 ob
539 2950 642 3005 natales
654 2963 748 3007 eorsum
773 2947 814 3003 rel
829 2946 945 3016 templo·
995 2956 1387 3032 nampmegqxposqem,
1412 2955 1455 3011 vet
1478 2953 1713 3020 enumeraverat,
1740 2966 1792 3006 οι.

86 3102 90 3107 ,
144 3058 205 3098 ruru
219 3058 353 3099 nouorum
380 3042 564 3099 dedicationes
581 3051 645 3099 sunt
670 3040 809 3098 constituti
831 3058 841 3093 t
866 3038 944 3107 (Lur-
995 3048 1093 3119 parido,
1109 3062 1212 3119 quaeso,
1226 3058 1252 3105 ct
1268 3049 1420 3119 pronuntia·

145 3147 223 3206 tout..
234 3138 280 3196 tit.
291 3153 330 3206 ιι,
343 3154 400 3212 cup.
416 3138 461 3202 itt,
475 3153 535 3208 paq.
549 3135 626 3209 oet).
1031 3141 1101 3210 Quid
1115 3157 1188 3208 soro,
1204 3145 1275 3208 quod
1290 3143 1370 3199 bomo
1380 3158 1434 3200 nen
1447 3144 1534 3200 solum
1545 3142 1603 3199 iac
1617 3144 1733 3216 ignorat,
1744 3141 1793 3198 sed

181 3232 265 3289 ilecte
292 3247 357 3304 ergo
378 3232 514 3289 druobius
528 3230 738 3286 insulsissimum
765 3228 841 3285 illum
854 3228 942 3299 gerni
958 3235 981 3299 c
996 3236 1093 3307 quibas
1105 3237 1185 3294 quiam
1201 3235 1304 3304 modis,
1325 3237 1407 3293 verba
1432 3246 1496 3292 suut
1507 3236 1628 3304 Ardabil,
1648 3236 1792 3291 allantln·

146 3326 212 3383 lium
234 3342 340 3384 morem
367 3343 419 3383 riou
443 3326 502 3383 sine
526 3327 623 3382 merita
647 3325 772 3382 irrisione
789 3326 942 3383 insectatur.
997 3327 1148 3395 sornuia3r
1180 3328 1263 3384 immo
1288 3327 1420 3400 «ambigit
1444 3330 1472 3384 in
1492 3328 1618 3384 i'beteteto
1640 3329 1704 3401 (ms.
1729 3327 1791 3385 cod.

144 3418 213 3476 Nam
226 3421 272 3491 qui
287 3418 352 3476 deus
362 3419 516 3491 aliquando,
528 3419 617 3475 aicbat
627 3419 744 3486 ille,uou
754 3418 889 3478 exstitisse
899 3457 907 3483 ‚
918 3428 946 3476 et
997 3421 1153 3491 Tbraetoue,
1167 3423 1244 3480 vides
1257 3438 1337 3494 quam
1348 3422 1485 3492 corrupte)
1499 3422 1576 3478 Pluto
1590 3423 1729 3494 vigilemus
1743 3421 1793 3477 aii·

146 3529 181 3570 ex
203 3514 262 3569 aliis
279 3522 355 3568 ortos
370 3512 505 3580 dicebant,
522 3511 688 3580 bicordem,
704 3512 806 3569 utalibi
820 3527 881 3570 curn
896 3527 946 3568 eo·
997 3516 1117 3588 quaudo,
1131 3516 1262 3587 enipeum
1274 3515 1396 3587 uigilare,
1411 3515 1484 3587 quod
1501 3515 1599 3571 dieitur
1614 3555 1622 3579 ‚
1646 3515 1793 3571 summisit

45 3647 53 3662 .
146 3607 211 3665 dem
233 3617 346 3664 auctore
364 3617 459 3664 nostro
481 3608 660 3666 invictissime
677 3608 944 3674 demonstrauimus.
998 3610 1120 3681 perpetui
1137 3610 1235 3681 portio.
1247 3609 1347 3679 etquid
1364 3625 1444 3680 agere
1455 3608 1613 3672 videamur,
1628 3608 1792 3664 insomnium

147 3721 203 3762 nou
216 3721 304 3774 renos,
315 3705 363 3762 sed
376 3704 469 3770 tatros,
484 3705 736 3774 consulentibusque
747 3704 883 3760 decresse
893 3719 944 3760 us·
968 3704 970 3718 ¹

147 3798 268 3853 cessario
277 3794 487 3853 consulebantur.
504 3796 570 3864 Quis
584 3797 666 3867 igitur
677 3796 709 3854 iis
727 3796 852 3852 omnibus
865 3838 872 3860 ,
885 3810 946 3867 quae

147 3890 280 3947 hactenus
295 3892 431 3962 disputata
444 3902 517 3959 suut,
530 3891 580 3946 rite
591 3891 717 3962 exuerrsis
727 3932 734 3953 .
745 3891 816 3946 ultro
830 3905 884 3946 nou
906 3890 945 3948 la-

148 3984 250 4040 tebitur
260 3984 427 4039 solemnibus
439 3984 578 4054 gentilium
592 3984 679 4049 iestis,
704 3985 790 4039 sacris
802 3991 830 4039 et
843 3991 945 4054 myste-

147 4078 199 4135 riis
211 4078 330 4134 luuditns
344 4077 432 4134 everti
447 4078 553 4134 illonuu
565 4079 686 4134 omniunt
702 4113 709 4138 .
734 4077 884 4145 inquorum
896 4077 946 4130 bo·

146 4188 244 4230 uorem
259 4173 426 4244 agebantur,
439 4172 589 4243 jactitatum
602 4173 637 4228 ab
647 4169 741 4228 iisdem
750 4169 894 4242 gentilibus
906 4168 947 4225 di-

147 4266 309 4323 viditatem?

440 4358 553 4416 catut
568 4357 650 4415 XXV.

232 4476 317 4543 Quom
331 4476 423 4548 ruique
437 4485 460 4531 et
474 4474 548 4530 erilis
560 4475 593 4529 tit
608 4472 737 4528 leontinum
750 4472 862 4527 suartio.

418 4604 564 4646 auatcuaus
578 4602 681 4643 turnus.

147 4707 228 4770 Quam
239 4719 315 4771 nauca
327 4706 399 4755 humo
408 4706 477 4762 sciat,
488 4708 560 4768 eique
573 4717 628 4753 esse
638 4706 815 4764 incompertum
826 4703 884 4813 Ἃιὶἀ
895 4705 948 4768 ipse

183 4774 224 4828 sit.
234 4771 354 4835 quomodo
364 4776 390 4818 et
400 4769 552 4832 quandosiut
560 4768 677 4816 insomnia
687 4780 694 4826 ;
704 4765 824 4827 quomado
845 4775 870 4814 at
877 4766 948 4824 risio,

183 4843 210 4885 et
221 4847 293 4895 sanor
306 4832 469 4895 precipicium
481 4843 525 4880 cut
538 4829 579 4891 uili
591 4836 729 4884 canescant.
741 4835 767 4877 et
777 4827 859 4876 oleum
872 4829 949 4890 liquo·

183 4897 251 4946 ribus
263 4909 311 4944 nou
323 4896 467 4944 misceatur:
480 4905 523 4941 cnr
534 4892 630 4940 animus
650 4892 673 4940 in
691 4891 766 4951 aegris
784 4893 816 4938 sit
832 4902 911 4952 aeger,
924 4891 949 4939 iu

183 4958 360 5016 altissimmus,
375 4965 414 5005 aut
427 4957 535 5016 delirus;
549 4955 640 5015 etquis
651 4953 757 5016 partium
773 4954 849 5002 nostri
861 4965 949 5016 coruo-

185 5023 218 5072 ris
228 5022 298 5079 situs,
311 5031 461 5084 aequoreum
477 5018 529 5068 bare
540 5013 665 5068 danubius
674 5015 773 5065 dixerit.

191 5126 227 5182 Ea
240 5133 298 5181 crat
310 5124 481 5199 ethnicorum
492 5122 591 5177 insulsa
603 5120 680 5194 plane
691 5117 791 5190 apiario,
804 5135 853 5189 qua
865 5119 950 5174 cbris-

153 5219 242 5276 tiauos
262 5231 357 5274 ornnes
378 5215 501 5272 irrdtrctos
513 5214 644 5276 onttiiuo,
662 5212 779 5280 idiotas,
795 5221 821 5265 ot
835 5211 950 5266 illitera-

154 5320 209 5381 tos,
233 5319 263 5366 ut
289 5308 404 5365 uidimus
414 5301 535 5380 (Dissert.
549 5307 576 5360 in
588 5304 698 5372 idione,
714 5320 771 5375 cap.
785 5304 812 5370 3,
828 5314 878 5357 art.
894 5304 950 5374 1),

152 5420 188 5462 se
210 5420 273 5462 uero
299 5401 381 5462 ouini
404 5404 576 5458 scientiarum
603 5415 702 5471 genera
729 5398 951 5455 instructissimos

155 5513 218 5556 csse
240 5510 294 5554 tam
318 5495 409 5564 falso,
430 5511 510 5567 quarn
524 5493 653 5550 audacter
665 5492 847 5548 venditabant.
863 5490 952 5549 Variis

157 5594 248 5666 itaque
274 5592 409 5648 rationum
430 5588 715 5645 brutaruentisuanam
739 5586 810 5640 illam
833 5596 951 5643 ostenta·

997 3718 1059 3760 curu
1073 3703 1165 3759 uidere
1180 3716 1231 3756 nos
1244 3702 1369 3757 dicimus.
1385 3720 1395 3754 r
1411 3700 1532 3773 (drusi,
1547 3699 1592 3757 tii.
1607 3715 1637 3768 ιι,
1652 3718 1679 3771 p.
1690 3698 1748 3772 id).
1760 3698 1794 3755 Et

997 3815 1028 3855 re
1040 3800 1147 3870 quidem
1161 3818 1222 3860 vera
1236 3803 1281 3858 ille
1303 3801 1523 3874 pbilosophorum
1546 3801 1706 3872 corypbuus
1720 3801 1746 3855 in
1759 3800 1794 3857 tl·

998 3894 1048 3949 bro
1071 3896 1154 3952 citato
1175 3899 1286 3969 scripsit
1309 3899 1498 3968 perobscurum
1514 3912 1575 3954 esse
1592 3897 1790 3968 questionem,

998 4000 1088 4046 utrium
1104 3992 1238 4063 vigilando
1252 3995 1429 4060 dormiamus,
1450 4003 1496 4048 aut
1519 3991 1661 4063 ruginorula
1675 3993 1793 4046 somnie-

999 4097 1069 4137 ttius.
1081 4081 1158 4161 Ὁρᾷς
1168 4079 1212 4140 οὖν
1223 4082 1300 4143 ὅτιτὸ
1314 4107 1342 4158 γε
1356 4086 1550 4161 &metrias-'notu
1568 4087 1597 4140 οὐ
1613 4084 1737 4157 agulanos,
1753 4082 1795 4139 ὅτι

998 4180 1040 4231 καὶ
1062 4177 1170 4250 πότερόν
1184 4179 1253 4234 1στιι
1273 4178 1344 4255 ὕπαρ
1360 4177 1377 4237 d
1395 4175 1455 4258 ὄναρ
1475 4178 1681 4253 ὰμφισὸιιτιῖται·
1697 4177 1742 4231 aul
1762 4174 1794 4236 id

998 4268 1059 4326 ἴσου
1071 4266 1143 4332 ὄντος
1159 4277 1205 4328 τοῦ
1220 4271 1317 4349 χρόνον
1332 4267 1360 4326 ὃν
1374 4269 1535 4344 καθεύδομεν,
1557 4267 1577 4343 ᾧ
1595 4270 1792 4349 inmercum,

999 4365 1024 4416 ἐν
1047 4364 1158 4441 ἑκατέρῳ
1177 4362 1336 4438 διαμάχεται
1358 4367 1428 4438 ἡμῶν
1440 4367 1456 4424 t‘t
1470 4365 1564 4438 ψυχὴ,
1578 4367 1612 4422 τὰ
1629 4366 1669 4420 ἀεὶ
1677 4364 1794 4438 παρόντα

999 4455 1115 4531 δόγματα
1126 4459 1222 4522 παντὸς
1235 4459 1327 4532 μᾶλλον
1339 4453 1402 4516 εἶναι
1416 4460 1501 4521 ἀληθῆ·
1523 4459 1586 4522 iocre
1597 4454 1654 4517 ἴσον
1667 4461 1712 4533 μέν
1727 4460 1795 4535 χρό-

999 4572 1040 4605 nou
1060 4549 1121 4607 τάδε
1149 4555 1226 4626 φαμὲν
1249 4548 1311 4609 ὅντα
1329 4549 1400 4619 εἶναι,
1415 4551 1473 4609 ἴσον
1494 4550 1521 4608 dl
1541 4554 1627 4608 tatae·
1643 4556 1686 4608 aei
1704 4551 1797 4626 ὁμοίως

961 4633 989 4696 D
1002 4644 1037 4717 ἐφ’
1048 4641 1175 4721 θατέροις
1198 4643 1414 4722 διῑσχυριζόμιθα
1431 4641 1519 4716 (Plato
1532 4644 1559 4697 t'tt
1572 4642 1681 4710 Titcoelq
1699 4652 1761 4700 tom.
1775 4659 1795 4712 t,

1001 4753 1028 4806 ρ.
1038 4735 1110 4806 tat).
1126 4735 1200 4791 Videt
1208 4753 1268 4807 erqo
1278 4753 1354 4808 quarn
1365 4754 1415 4792 uon
1426 4734 1573 4808 difficilesit
1585 4736 1632 4789 boc
1640 4736 1706 4790 dere
1715 4733 1797 4789 ombi-

1001 4845 1068 4900 qm,
1083 4830 1185 4896 quondo
1195 4829 1296 4902 quidem
1308 4823 1376 4886 iliad
1387 4829 1524 4901 umbiqitur
1535 4839 1620 4882 utrum
1630 4845 1670 4883 rer
1684 4843 1742 4883 uero
1752 4827 1795 4895 rit,

1001 4939 1035 4976 aa
1052 4923 1206 4977 insomnium
1219 4939 1228 4988 ;
1241 4933 1264 4977 et
1274 4937 1330 4978 cum
1343 4923 1440 4994 equale
1451 4925 1484 4977 rit
1502 4932 1619 4992 tenipus.
1635 4937 1685 4989 qtto
1700 4919 1798 4976 dorati-

1002 5027 1069 5077 nutr,
1079 5015 1102 5069 ei
1112 5014 1461 5086 quouiqt‘lamut,iuuttoque
1473 5016 1573 5068 unimus
1581 5013 1795 5083 uortcrdecertut,

1003 5115 1140 5176 metentes
1152 5108 1290 5164 sententiar
1309 5108 1414 5162 ansuino
1427 5121 1501 5162 uerus
1520 5121 1574 5162 esre
1588 5121 1597 5160 .-
1611 5121 1694 5176 quare
1708 5104 1802 5176 equali

1003 5215 1114 5276 tentpore
1124 5206 1177 5259 buc
1186 5201 1444 5273 eucuffirmrbimur,
1460 5200 1553 5271 sequuti
1563 5213 1623 5254 uero
1635 5198 1692 5267 itta,
1702 5206 1726 5252 et
1740 5211 1798 5270 per·

1001 5309 1073 5367 eque
1086 5294 1118 5349 de
1127 5295 1240 5360 utrisque
1252 5310 1306 5348 retu
1320 5293 1513 5349 constituemus.

1038 5387 1224 5459 usquemaqts
1235 5397 1328 5443 uotum
1339 5395 1391 5454 est,
1403 5388 1441 5443 ait
1452 5386 1598 5455 drnobius,
1613 5395 1703 5444 utrum
1719 5406 1729 5442 r
1743 5388 1797 5446 lia·

1002 5479 1109 5536 diorum
1133 5490 1160 5537 et
1182 5480 1292 5537 luminis
1308 5482 1457 5539 intentione
1472 5480 1630 5550 rideamus,
1649 5495 1684 5537 an
1707 5497 1798 5539 rerum

1004 5571 1135 5643 inmagines
1161 5574 1307 5643 advolent,
1335 5584 1362 5632 et
1381 5575 1482 5630 nostris
1501 5574 1528 5629 in
1550 5572 1658 5644 pttpillis
1678 5574 1796 5632 sidunt»

157 5690 258 5744 tionem
275 5685 409 5741 druobius
424 5692 517 5739 noster
532 5679 833 5752 retundit(drnob.,iib.
849 5694 878 5747 n,
892 5696 950 5751 paq.
1004 5665 1124 5739 (Ami-s
1136 5667 1223 5740 illd-l·
1238 5666 1535 5726 Vallubttiiettimtetb
1545 5659 1800 5738 0118101111οω-

156 5782 206 5853 ιι)
219 5823 226 5846 ,
240 5795 273 5835 aa
287 5780 409 5851 proterit.
424 5777 500 5834 unm
524 5777 616 5844 anam,
634 5775 739 5845 inquit,
755 5774 800 5829 atta
813 5773 952 5845 gramma
1004 5762 1118 5833 abanan
1129 5764 1281 5831 sententia,
1292 5775 1359 5836 uuas
1369 5761 1403 5818 A·
1417 5758 1521 5816 Gellius
1531 5762 1671 5831 perspicua
1685 5762 1727 5819 bu
1739 5773 1800 5818 rer·

158 5873 230 5930 iimu
243 5873 304 5943 quia
314 5871 395 5927 rerba
408 5880 437 5927 et
459 5868 566 5925 nonrina
579 5882 713 5940 percasus
726 5882 758 5923 ac
768 5876 888 5938 tempora
901 5865 951 5922 de·
1004 5860 1047 5917 bit
1061 5860 1177 5930 explicat
1191 5873 1200 5914 .·
1216 5876 1226 5912 r
1243 5859 1430 5917 Stoiclcausas
1441 5855 1549 5915 uidendi
1564 5855 1613 5914 itas
1622 5869 1682 5916 cssc
1691 5855 1805 5928 dicunt,
