4150 6250
355 355 405 412 est
1004 350 1221 411 anennoeto
1240 353 1334 412 enno
1449 311 1456 329 ⁸
1949 352 2004 411 sus

353 471 445 545 poerit,
469 471 617 545 inquiritur.
633 470 668 525 ld
687 485 746 526 uero
769 470 906 543 eontiqisse
925 485 993 525 nuno
1007 485 1083 527 ccclv
1107 481 1151 526 out
1165 474 1190 532 Α
1202 471 1371 532 l'oustuutiui
1386 472 1544 541 vicennalia,
1559 474 1617 546 lpse
1631 472 1811 545 Hieronymus
1831 471 1925 530 statim
1936 473 2002 529 soh·

354 566 510 637 insequente,
525 566 624 638 euipto
635 575 739 620 auctore
751 563 901 620 ostenditur.
1123 565 1127 577 ’
1203 566 1261 621 dit:
1276 583 1286 619 t
1306 566 1363 624 Hvrc
1377 580 1461 639 usquc
1484 567 1622 624 historiam
1643 567 1738 624 scribit
1753 564 1906 635 Eusebius,
1921 566 2003 623 eern-

389 659 435 716 lll.
457 661 550 732 Operis
563 659 698 715 arnobioni
718 662 827 733 pretinm
846 663 991 734 exponitur.
1011 660 1098 717 linito
1111 663 1153 717 lu·
1203 660 1268 731 phili
1289 661 1415 734 martyris
1443 661 1659 728 contubernalis,
1675 660 1718 717 cui
1743 674 1793 717 uos
1813 659 1864 716 ista
1882 660 2002 733 subjeci-

354 754 480 810 eulentius
500 753 628 809 etlrnicnm
648 754 851 825 superstitionem
871 756 1052 826 irupuquusse,
1075 770 1153 828 quoue
1204 767 1274 809 mus.
1290 753 1378 810 ιΤιιιιι
1389 755 1722 824 continentetznlrnobint,
1735 754 1832 826 iuquit,
1843 754 2002 821 rheumate.

355 848 523 904 chritdonnm
534 847 663 902 ceritatem
677 846 794 902 doertisse
806 856 896 902 auctor
908 847 1080 902 existimatur.
1203 846 1243 903 Nc
1252 847 1332 920 igitur
1344 847 1451 905 Eusebii
1465 849 1583 906 narratio
1593 850 1808 920 abrumperetur,
1820 848 1999 922 Hieronymus

391 939 424 996 V.
455 937 495 995 Ue
516 940 651 1012 preripuit
674 939 758 1011 operit
786 939 948 995 editionibus.
984 937 1152 994 Prtestonlior
1203 940 1285 997 verbe
1299 940 1334 997 de
1346 940 1476 1008 Arnobiu,
1492 942 1568 1012 cujus
1581 941 1653 999 nulla
1663 941 1764 998 mentio
1776 941 1847 1014 apud
1862 941 1936 997 illum
1946 941 2003 1013 epi-

353 1033 606 1109 dimiono-Rotam,
628 1050 685 1106 que
708 1042 792 1090 tomen
811 1034 889 1089 nteoit
912 1033 1059 1105 meridieque
1082 1031 1151 1087 hottd
1203 1049 1314 1106 scopum
1326 1035 1526 1100 cesariensem,
1540 1035 1726 1107 superioribus
1739 1034 1900 1092 eusebianis
1914 1035 2002 1093 sulle-

353 1138 432 1186 enret.
448 1109 517 1197 Quid
526 1143 610 1200 operte
623 1128 651 1183 iu
662 1138 776 1183 nostrum
790 1126 969 1182 adornandum
980 1127 1113 1182 collatum.
1202 1128 1269 1183 ecrit
1289 1147 1296 1183 ι
1316 1142 1377 1184 curn
1399 1127 1454 1197 jam
1479 1137 1570 1200 postea
1594 1143 1671 1185 snam
1690 1127 1725 1184 de
1749 1126 1846 1183 ecdem
1865 1127 2002 1198 scriptore

1203 1221 1363 1279 sententiam
1379 1223 1405 1278 iu
1419 1223 1528 1295 proprio
1540 1222 1572 1277 de
1588 1220 1655 1278 Viris
1668 1220 1810 1278 illustribus
1820 1235 1904 1293 opere
1914 1222 1998 1278 maai·

390 1314 410 1371 l.
426 1314 557 1372 hiscimus
569 1314 603 1370 ab
616 1313 780 1387 Hieronymo
790 1311 922 1385 (Hieron,
934 1314 967 1369 de
980 1309 1035 1367 Vir.
1044 1309 1151 1378 itlnrtr,
1206 1314 1302 1373 sestam
1317 1315 1441 1372 ediderit.

354 1424 414 1480 enp.
429 1407 536 1482 unxit),
553 1409 701 1464 druohium
724 1408 818 1472 Since,
835 1423 896 1480 quus
907 1406 1006 1462 hiricte
1025 1403 1153 1461 mediter·
1239 1407 1284 1464 lll.
1304 1407 1362 1464 iarn
1378 1423 1442 1466 vero
1466 1409 1575 1479 propius
1593 1405 1801 1479 inspiciendum,
1822 1421 1875 1479 quo
1894 1405 2005 1465 demum

352 1517 443 1559 rauce
458 1502 521 1557 urbs
534 1509 609 1565 erat,
623 1500 674 1556 sub
688 1499 855 1556 Diocletiano
875 1499 996 1570 principe
1014 1495 1152 1554 detentis·
1206 1509 1329 1572 tempore
1344 1501 1477 1558 hrrrobius
1491 1501 1574 1558 libros
1586 1516 1623 1556 vu
1636 1500 1766 1557 adversus
1778 1509 1872 1571 gentes
1885 1499 2007 1556 conscel-

354 1596 423 1652 sime
435 1594 596 1652 rhetoricam
609 1592 735 1651 docuisse
748 1613 756 1649 ι
768 1608 822 1665 quo
836 1593 944 1665 quidem
958 1601 1080 1664 tempore
1095 1592 1153 1648 ido-
1205 1595 1298 1666 pserit.
1315 1595 1341 1650 lu
1357 1596 1416 1665 ejus
1432 1595 1522 1666 itaque
1542 1608 1625 1667 opere
1638 1603 1692 1650 tres
1717 1592 1870 1649 nonnanes
1889 1605 2004 1662 compa·

355 1689 442 1746 lorum
457 1687 540 1745 cultui
555 1702 585 1744 se
600 1687 682 1744 luisse
696 1685 832 1743 addictum
846 1688 961 1758 ipsemet
973 1686 1098 1757 deplorat
1111 1686 1153 1744 his
1204 1696 1275 1751 rent,
1285 1701 1397 1759 grtarum
1407 1684 1468 1742 duae
1477 1685 1683 1759 chronologicae,
1694 1682 1770 1741 tertia
1779 1698 1844 1740 vero
1856 1683 1982 1740 historica
1996 1698 2005 1747 ς

355 1782 464 1838 verbis:
482 1801 491 1833 r
510 1780 676 1847 Venerahar,
691 1781 840 1843 coecitas,
856 1794 943 1851 nuper
960 1779 1151 1837 simulacre...
1205 1796 1239 1838 ex
1253 1781 1350 1853 qulbus
1360 1779 1431 1853 quod
1441 1780 1596 1852 querimus,
1610 1777 1734 1847 dessvtiri,
1748 1786 1892 1849 utcumque
1902 1776 2002 1832 valcas

356 1872 433 1930 Nunc
446 1872 557 1930 doctore
576 1880 651 1928 tauto
664 1861 808 1944 (Cltristol
823 1872 851 1928 iu
866 1872 924 1928 nias
937 1870 1059 1928 veritatis
1074 1870 1155 1928 iudu-
1207 1874 1241 1930 Et
1265 1875 1380 1946 primum
1393 1872 1501 1944 quidem
1521 1871 1561 1929 sic
1582 1871 1703 1944 loquitur
1721 1878 1836 1927 auctor:
1852 1888 1864 1923 t
1879 1869 2005 1926 Trecenti

356 1977 426 2030 ctus,
442 1966 533 2022 omnia
544 1965 595 2021 ista
612 1981 672 2036 quus
686 1966 751 2029 sint,
765 1965 822 2022 acic
834 1984 841 2021 a
851 1966 931 2037 digua
944 1965 978 2022 de
990 1964 1079 2037 dignis
1092 1981 1155 2023 seu·
1207 1980 1270 2027 sunt
1281 1969 1344 2025 anni
1357 1968 1452 2036 lerme,
1468 1966 1556 2023 mitras
1570 1966 1611 2024 vel
1627 1965 1686 2037 plus
1699 1964 1812 2037 aliquid,
1827 1978 1862 2021 ex
1875 1980 1930 2036 quo
1949 1978 2007 2021 cte·

357 2061 396 2118 tio
411 2060 531 2135 (druch,
545 2062 603 2116 ndu.
619 2059 706 2129 Genu,
723 2059 768 2116 til.
781 2077 807 2129 t,
820 2078 879 2134 cup.
896 2061 953 2134 15).
975 2080 985 2116 r
1014 2060 1156 2132 Quomodo
1208 2062 1296 2134 pintus
1315 2075 1376 2118 esse
1390 2057 1546 2128 christiani,
1560 2067 1590 2115 et
1603 2068 1734 2115 terrarum
1749 2058 1775 2114 in
1791 2057 1860 2114 othe
1871 2055 1977 2114 censeri
1991 2075 2003 2109 s

339 2212 341 2216 .
359 2166 449 2212 eutem
463 2154 592 2213 acciderit
607 2165 635 2210 ut
645 2152 827 2212 Christianam
841 2153 997 2226 religionem
1012 2156 1157 2227 amplecte·
1208 2154 1328 2230 (druch,
1341 2154 1387 2212 tlt.
1401 2154 1478 2210 todo.
1494 2152 1582 2223 Geut,
1593 2170 1652 2224 cop.
1666 2151 1707 2225 h).
1728 2151 1780 2210 Ubi
1804 2152 1918 2210 trccemi
1930 2151 2006 2218 ami,

358 2258 443 2316 retur,
458 2248 528 2305 idem
549 2248 728 2320 Hieronymus
745 2248 807 2305 alibi
823 2248 1002 2305 eleucadius«
1021 2249 1156 2306 hrutthius
1208 2259 1237 2306 ιιι
1251 2265 1312 2307 cum
1324 2245 1895 2322 hooneltoloqrramnrlhrdu.,htrnrt.n
1918 2245 2004 2312 Iren,

359 2341 453 2400 rhetor
466 2343 556 2400 clarus
569 2343 597 2400 ln
616 2341 762 2411 ulrice...
781 2359 842 2400 cum
862 2345 888 2401 in
903 2345 1011 2401 civitate
1025 2344 1110 2402 sicce
1122 2347 1156 2404 ad
1210 2341 1224 2416 fi
1240 2343 1286 2411 56,
1310 2359 1371 2415 pop.
1387 2340 1470 2412 tet),
1486 2340 1537 2397 sia
1554 2356 1609 2397 xttt
1620 2340 1732 2414 Augusti
1749 2355 1800 2414 pro
1815 2340 1921 2397 illomru
1937 2351 2008 2397 tem·

360 2434 567 2493 declamandum
580 2435 693 2509 juvenes
707 2437 837 2506 erudiret,
849 2437 974 2495 etadhuc
987 2438 1111 2496 etltnicas
1122 2442 1157 2497 ad
1209 2455 1305 2513 porum
1325 2437 1497 2508 chronologia
1517 2446 1705 2509 supputentur,
1718 2435 1844 2493 desinent
1859 2435 1888 2492 itt
1905 2433 2008 2490 enodet

360 2530 546 2588 credulitatem
570 2531 683 2590 somniis
703 2533 923 2601 compelleretur,
939 2548 1027 2604 neque
1049 2534 1084 2590 ab
1097 2536 1157 2608 epi·
1210 2546 1272 2587 mre
1297 2530 1415 2601 vulgaris
1426 2544 1551 2586 cctctttt.
1567 2527 1700 2599 Deinceps
1714 2541 1780 2584 reto
1794 2526 1946 2584 ‚ltnobiaua
1959 2527 2010 2583 ist-

361 2638 444 2696 scopo
460 2623 619 2696 impetraret
633 2624 713 2681 hdcm
727 2641 807 2698 quam
822 2640 930 2697 semper
942 2625 1156 2700 impugnaverat,
1210 2624 1268 2681 hee
1281 2623 1359 2680 nohis
1369 2629 1531 2679 occurrunt:
1547 2638 1557 2674 ι
1572 2619 1669 2676 ιΕειιὶι
1679 2619 1748 2677 urbs
1760 2618 1845 2676 llcma
1856 2619 1934 2689 cajus
1945 2633 2009 2676 esse

362 2719 530 2777 elucubrarit
550 2720 681 2777 adversus
702 2722 841 2792 pristinam
861 2721 1020 2794 religionem
1036 2722 1158 2779 luculen·
1212 2720 1238 2776 in
1252 2717 1393 2775 aetralibus
1411 2714 1554 2773 iudicitur?
1568 2703 1662 2772 Annos
1682 2712 1754 2770 ducit
1775 2713 1967 2785 qulnquaginta
1981 2721 2011 2768 et

362 2814 482 2871 tissimus
496 2812 595 2882 libros;
608 2823 636 2870 et
646 2814 753 2871 tartdem
764 2815 838 2873 velut
849 2816 1008 2888 quibusdam
1021 2816 1160 2874 obsidibus
1211 2813 1294 2877 mille,
1304 2820 1350 2868 arrt
1363 2826 1417 2866 nou
1427 2809 1539 2865 multum
1552 2806 1586 2862 ab
1601 2808 1736 2864 ltismlnus
1748 2823 1758 2858 ι
1770 2805 1890 2878 (druch,
1905 2803 1953 2861 lib.
1968 2822 2008 2876 u,

363 2905 472 2978 pietatis
486 2905 575 2964 ltcdus
587 2907 739 2976 impetravit
753 2906 888 2979 (Hierum,
903 2908 930 2963 t'u
945 2908 1040 2965 chron.
1051 2912 1086 2964 ud
1097 2927 1161 2968 auu.
1213 2922 1271 2978 cnp.
1285 2905 1343 2977 51).
1359 2906 1437 2960 hunc
1449 2911 1538 2959 autern
1562 2900 1644 2959 Urbis
1668 2898 1784 2957 condite
1808 2898 1943 2970 asinula
1959 2914 2012 2972 pu·

364 3012 526 3061 uucccxuu,
542 3016 602 3071 pnq.
619 2998 696 3072 181).
711 2998 799 3057 Tanto
822 3001 902 3073 igitur
920 3001 1023 3059 lumine
1047 3002 1162 3060 donatus
1217 3000 1347 3055 tutionem
1360 2997 1547 3054 varroniaoam
1568 2994 1714 3067 respondet
1728 3009 1790 3049 terte
1805 2992 1922 3064 vulgaris
1935 3006 2012 3047 entre

365 3089 414 3149 tuit
427 3091 571 3158 stubbius,
585 3092 648 3164 quin
658 3101 686 3151 et
695 3093 807 3150 somniis
815 3094 943 3151 divinitas
954 3095 1082 3154 immissis
1094 3096 1163 3155 odeo
1214 3108 1320 3151 ccxcvtt
1331 3093 1408 3162 iuxta
1421 3089 1592 3162 capitolinam
1603 3102 1668 3144 vero
1678 3085 1771 3143 incidit
1781 3086 1808 3142 in
1819 3100 1918 3141 autrum
1929 3082 2013 3141 Chri·

365 3185 516 3259 perculsus,
528 3195 557 3241 ut
568 3186 707 3257 pristinam
719 3184 883 3259 impletatem
894 3179 1198 3263 ejuraritverumqueG
1214 3190 1248 3247 sti
1261 3202 1384 3252 ccscvut,
1401 3194 1430 3241 ut
1449 3183 1560 3257 proinde
1580 3181 1632 3238 huc
1649 3180 1734 3254 iusque
1752 3179 1810 3237 lere
1823 3180 1874 3236 sihi
1896 3193 2014 3236 concors

366 3280 414 3337 Dei
427 3278 530 3338 cultum
551 3280 632 3338 luerit
650 3282 801 3355 amplexus.
819 3283 900 3341 Uocet
921 3286 993 3342 enim
1008 3288 1073 3355 ille,
1086 3285 1175 3345 Chri,
1217 3283 1338 3340 videatur
1351 3289 1455 3337 auctor.
1469 3279 1504 3335 At
1516 3292 1577 3333 curu
1590 3277 1680 3349 priore
1693 3275 1720 3330 in
1740 3273 1799 3331 loco
1814 3273 1912 3341 addet,
1926 3274 2015 3328 nuens

367 3385 438 3433 statu
454 3394 465 3429 r
479 3391 532 3433 noo
543 3392 592 3450 per
604 3392 672 3434 vana
684 3378 829 3448 insomnia,
840 3378 888 3436 sed
897 3394 946 3452 per
959 3396 1032 3452 purae
1045 3383 1163 3454 speciem
1216 3378 1255 3432 uel
1268 3377 1325 3448 plns
1340 3373 1452 3444 aliquid·
1467 3370 1493 3426 in
1509 3369 1657 3441 posteriore
1671 3376 1824 3431 autumant
1838 3382 1889 3422 non
1903 3367 2015 3421 nrulteru

367 3472 546 3545 simplicitatis
560 3489 691 3546 apparere
705 3475 828 3548 (druch,
842 3475 901 3531 odo.
916 3472 1002 3541 Ceut..
1013 3476 1058 3532 iila,
1073 3495 1092 3547 ι,
1104 3495 1164 3550 unp,
1217 3472 1248 3524 nlr
1262 3470 1393 3526 hismioni
1405 3468 1486 3523 :lriuc
1495 3465 1626 3523 dubitatio
1637 3463 1783 3530 suboritur,
1794 3476 1857 3518 num
1869 3459 2016 3534 utrobique

367 3558 445 3631 ιιι),
466 3559 554 3615 adhuc
574 3575 624 3618 suo
645 3572 766 3632 ternpore
784 3564 976 3619 consuevisse:
990 3573 1117 3634 expertus
1138 3564 1164 3620 itl
1216 3563 1333 3621 calculos
1346 3569 1469 3618 accurato
1484 3560 1611 3631 posuerit.

368 3652 506 3720 nimirum,
521 3652 609 3725 inquit
621 3653 786 3721 Uoduellus,
802 3654 916 3725 ipsemet
929 3654 1038 3725 scripsit
1051 3665 1164 3712 auctor:
1253 3658 1409 3715 Posthabito
1418 3656 1508 3728 itaque
1518 3654 1794 3727 utroquecltaractere
1807 3648 2016 3722 chronologico,

369 3755 398 3800 ut
412 3755 551 3818 propterea
564 3761 627 3803 vere
638 3747 735 3804 dixerit
747 3762 778 3804 se
788 3747 823 3805 ab
837 3749 895 3818 ipso
905 3746 1013 3803 Christo
1029 3770 1038 3802 r
1053 3750 1166 3807 doctore
1217 3753 1251 3810 ad
1257 3754 1338 3810 aliurn
1346 3748 1504 3808 historicum
1515 3751 1558 3820 qni
1565 3749 1664 3806 certior
1672 3762 1734 3805 esse
1744 3745 1859 3813 uidetur,
1870 3755 2018 3817 propterea

370 3839 483 3894 tantuin
499 3838 556 3894 vias
570 3839 692 3896 veritatis
712 3838 795 3897 luisse
817 3840 955 3897 indoctum
972 3840 1089 3911 (Hodie,
1104 3840 1166 3899 Dis·
1218 3845 1421 3925 recurrendum.
1435 3843 1573 3915 sicigitur
1588 3842 1756 3913 prosequitur
1764 3848 1877 3896 auctor:
1892 3856 1903 3891 ι
1917 3836 2019 3894 Nostra

369 3941 430 3988 sert.
456 3930 529 3987 iren.
544 3931 603 4006 tuh
623 3932 669 3999 st,
694 3951 757 4006 paq.
775 3932 848 4007 188).
868 3933 961 4003 »Quid
976 3944 1067 3993 autem
1091 3946 1167 4009 post·
1218 3941 1325 4014 quidem
1339 3939 1438 4010 scripta
1452 3952 1500 3992 cur
1513 3935 1619 4007 ignibus
1631 3941 1788 3990 metuerant
1799 3931 1877 3987 darii
1894 3945 1945 3987 cur
1962 3930 2020 3984 im·

371 4028 421 4083 hac
435 4027 521 4099 egerit
533 4026 685 4094 bruchius,
699 4041 787 4099 quove
799 4042 899 4085 annue
920 4028 989 4085 vivis
1002 4031 1166 4100 excesserit,
1220 4034 1335 4089 nrattlter
1355 4029 1541 4088 conventicula
1564 4028 1633 4083 dirui
1648 4025 1717 4102 (ld,
1745 4025 1791 4081 llo.
1805 4041 1842 4092 tv,
1862 4040 1922 4096 cop.
1947 4020 2021 4094 lul?

371 4121 451 4192 plane
465 4121 661 4191 incompertum
674 4120 815 4176 habemus.
1220 4126 1285 4196 Quae
1310 4141 1375 4181 sane
1402 4123 1484 4180 verba
1506 4121 1644 4192 scripserit
1669 4121 1804 4175 tlruohius
1829 4126 1889 4189 post
1913 4128 2023 4171 aunum

408 4215 440 4271 ΙΙ.
459 4215 553 4287 Neque
565 4230 631 4272 vero
640 4230 675 4271 ex
689 4213 845 4288 Hieronymi
859 4214 949 4271 verbis
958 4215 1040 4271 modo
1050 4215 1169 4274 recitatis
1219 4236 1309 4288 coctu,
1318 4235 1372 4290 qno
1379 4216 1534 4275 Diocletiani
1547 4214 1700 4287 persecutio
1708 4213 1804 4269 sevire
1814 4212 1908 4282 empsit.
1918 4229 1929 4264 r
1939 4209 2024 4266 'latre

371 4311 514 4383 quisquam
529 4317 635 4382 argunt,
651 4308 684 4365 ad
700 4324 799 4365 annum
822 4308 917 4366 saltent
937 4324 1073 4376 cccxxvt,
1087 4310 1168 4366 vitam
1219 4315 1312 4383 enim,
1338 4310 1422 4384 inquit
1437 4309 1587 4373 Eusebius,
1617 4304 1702 4362 AEdes
1725 4322 1813 4362 sumne
1829 4303 1888 4361 solo
1913 4304 2025 4373 aequsti

371 4404 536 4476 produxisse
543 4411 680 4460 sacurem
692 4413 824 4468 nostrum,
833 4412 974 4474 propterea
984 4402 1089 4459 scilicet
1097 4403 1168 4473 quod
1220 4422 1253 4463 ac
1267 4405 1386 4463 iurrditus
1405 4402 1535 4470 subverti,
1550 4417 1638 4459 sacrm
1655 4401 1799 4456 diuinarum
1820 4398 2026 4470 scripturorum

374 4497 419 4552 illa
442 4496 564 4566 proxime
585 4496 723 4568 scripserit
745 4505 855 4553 sanctus
877 4496 977 4553 hoctor
998 4507 1059 4568 post
1079 4505 1170 4554 notata
1222 4502 1300 4558 libros
1315 4501 1342 4557 iu
1358 4499 1447 4556 medio
1461 4498 1520 4556 loro
1534 4495 1701 4555 concremari
1712 4538 1721 4562 ,
1734 4494 1821 4551 oculis
1834 4493 1933 4550 trostris
1948 4491 2027 4546 vidi·

374 4588 542 4645 &annotini
556 4587 722 4657 vicennalia,
737 4588 832 4645 ecdem
846 4587 944 4645 Christi
964 4604 1036 4645 anuo
1053 4584 1209 4647 cccxxvtD
1222 4594 1413 4671 musiliano..
1429 4592 1498 4649 Hitt.
1517 4592 1619 4656 mehe..
1633 4590 1726 4648 libum
1738 4630 1745 4654 ,
1759 4605 1817 4662 cop.
1840 4586 1880 4662 8).
1902 4606 1912 4640 r
1930 4587 2028 4658 Atque

375 4681 509 4738 celebrata
522 4699 529 4737 ι
542 4681 673 4753 siquidem
687 4697 723 4738 ex
738 4683 834 4738 lisdem
848 4681 938 4738 verbis
953 4683 1171 4756 hieronymianis
1222 4688 1293 4744 banc
1305 4688 1437 4744 veriorem
1458 4684 1620 4742 senteutiam
1634 4682 1669 4739 de
1683 4690 1805 4754 tempore
1817 4695 1871 4753 quo
1882 4677 2029 4735 scribebat

375 4775 556 4848 colligendum
568 4785 651 4840 esset,
668 4791 702 4833 eo
716 4775 775 4845 ipso
787 4791 1029 4834 auuoconversom
1043 4776 1126 4835 luisse
1137 4778 1171 4834 atl
1222 4781 1375 4849 Anoubias,
1400 4783 1502 4853 primus
1523 4779 1642 4835 omnium
1664 4776 1805 4846 amplexus
1826 4783 1868 4830 est
1886 4771 2030 4827 Barcuius

375 4870 476 4927 Christi
491 4869 571 4928 hdetn
593 4870 764 4937 Arnobium,
782 4869 903 4944 adeoque
925 4871 1005 4943 paulo
1025 4880 1089 4928 ante
1108 4887 1172 4929 suos
1222 4873 1345 4946 (Horou,
1358 4873 1394 4927 od
1405 4889 1467 4927 ono.
1481 4870 1546 4937 588,
1561 4869 1576 4944 h
1593 4868 1657 4943 17),
1671 4882 1751 4940 quem
1772 4865 1869 4921 deinde
1893 4872 1960 4920 sunt
1979 4877 2031 4919 as·

376 4963 569 5036 conscripsisse
583 4963 918 5037 librosatlversusgentes,
932 4963 1029 5034 nuribus
1040 4966 1106 5022 celtu
1116 4968 1173 5038 qui-
1223 4966 1317 5024 sectati
1340 4963 1492 5022 hodwcllus
1506 4961 1629 5034 (boun,
1646 4960 1696 5017 loc.
1717 4956 1797 5032 ιιι),
1812 4956 1910 5029 Pagius
1924 4953 2029 5027 (Pom,

375 5054 484 5111 humum
498 5056 625 5111 obsidibus
646 5056 749 5128 pietotir
763 5055 1089 5130 fedusimpetrnritzcum
1107 5072 1173 5114 ccu-
1224 5062 1258 5115 nd
1271 5075 1333 5114 unu.
1347 5057 1416 5122 8118,
1431 5056 1445 5129 h
1461 5055 1513 5130 15)
1527 5055 1636 5127 allique,
1660 5053 1722 5109 licet
1741 5067 1800 5108 ιιιι
1820 5048 2032 5122 quodammodo

378 5160 419 5206 tra
434 5149 605 5207 manifestum
620 5149 657 5206 sit
671 5167 705 5207 ex
719 5151 814 5208 ecdem
826 5149 962 5220 tlrnobic,
977 5159 1006 5206 ut
1020 5165 1082 5207 mox
1096 5151 1170 5209 vide·
1225 5153 1361 5210 iullrmare
1371 5164 1513 5222 aggressus
1527 5149 1563 5204 sit
1580 5146 1768 5204 Tillemontius
1780 5141 1908 5219 (iidem,
1923 5140 2029 5210 Herm,

377 5243 477 5309 bimus,
491 5256 579 5312 neque
597 5241 713 5298 obscure
731 5252 862 5313 praeterea
876 5258 910 5299 er
931 5242 991 5314 ipsc
1009 5241 1174 5316 Hieronymo
1225 5257 1288 5303 tom.
1301 5262 1338 5312 tv,
1354 5262 1415 5317 paq.
1430 5241 1494 5310 767,
1508 5238 1585 5317 ιιι).
1600 5241 1727 5312 Quamvis
1741 5250 1833 5296 autern
1853 5238 1880 5294 ht
1896 5236 1950 5293 boc
1973 5252 2031 5309 po·

377 5344 505 5407 appareat
523 5333 658 5408 (Hieron,
672 5335 705 5391 de
722 5335 777 5391 Vir.
793 5337 845 5402 itt..
860 5337 911 5393 loc.
932 5336 1009 5408 rit.),
1024 5350 1072 5392 ecs
1091 5336 1174 5394 libros
1226 5346 1328 5395 strcmo
1341 5337 1401 5392 loco
1413 5335 1514 5392 certius
1528 5333 1600 5404 loqui
1615 5333 1739 5389 videntur
1750 5331 1895 5399 llmobius,
1910 5344 1967 5385 non
1983 5340 2033 5387 est

378 5431 526 5500 imperante
542 5428 706 5486 hioelettano
718 5429 802 5488 luisse
822 5431 857 5487 ah
876 5438 987 5488 auctore
998 5431 1173 5503 perscriptos.
1226 5440 1316 5487 tamen
1329 5445 1378 5486 cnr
1392 5428 1468 5484 illum
1480 5441 1639 5484 certscamus
1652 5440 1716 5483 curn
1730 5423 1867 5481 uouttullls
1880 5422 1947 5478 viris
1957 5437 2034 5479 erat·

378 5520 437 5590 Quo
451 5521 531 5591 igitur
543 5521 722 5595 Hieronymus
732 5522 783 5579 slbi
793 5531 909 5587 constet,
921 5522 1118 5580 observandam
1131 5523 1174 5580 in-
1225 5521 1299 5589 ditis,
1315 5521 1342 5576 in
1357 5521 1414 5576 suis
1429 5518 1541 5590 reliquis
1562 5518 1744 5590 putationibus
1756 5516 1826 5572 lruutl
1844 5515 1896 5572 sihi
1909 5524 2034 5572 consm-

379 5622 461 5671 terest
474 5629 535 5670 curn
550 5615 609 5670 viro
621 5614 778 5672 doctissimo
795 5615 919 5688 (Naum,
933 5616 1031 5687 Appon.
1053 5615 1088 5671 od
1101 5614 1173 5671 ltttt.
1226 5628 1265 5670 rc.
1278 5612 1371 5684 Neque
1390 5612 1461 5667 euim
1482 5611 1591 5667 demum
1608 5626 1662 5667 tvnc
1682 5610 1778 5665 calami
1797 5609 1880 5665 ductu
1900 5608 2036 5680 integros
2052 5618 2059 5631 “

379 5716 491 5780 potrum,
506 5717 568 5764 tom.
589 5725 619 5777 ιι,
642 5727 701 5783 paq.
718 5710 806 5781 888),
821 5724 856 5765 eo
877 5708 1004 5767 chronici
1028 5709 1175 5767 Eusebieni
1225 5715 1332 5777 septem
1344 5719 1408 5761 suos
1422 5702 1507 5760 libros
1521 5704 1674 5787 exaraverit
1687 5713 1790 5761 auctor.
1805 5700 1937 5772 sueoqne
1955 5700 2037 5757 duos

379 5805 440 5860 loeo
453 5814 507 5856 non
520 5801 654 5861 iudicasse
667 5819 757 5861 veram
775 5802 887 5859 hrnohii
906 5810 1013 5860 aetatem
1035 5802 1173 5860 doctorem
1226 5802 1330 5874 priores
1349 5799 1536 5872 perscribens,
1549 5814 1635 5858 anuos
1655 5799 1734 5858 Urbis
1752 5797 1869 5854 conditae
1882 5796 2035 5869 primum

368 5901 539 5969 ,mutlmnm
553 5894 620 5954 llum
635 5896 662 5953 1ιι
675 5895 810 5954 Ultronicc
823 5905 883 5969 post
897 5903 989 5954 notata
1003 5894 1037 5952 ab
1056 5895 1174 5954 Eusebio
1225 5892 1323 5951 deinde
1335 5906 1402 5949 nero
1414 5906 1500 5949 annos
1514 5907 1577 5949 erae
1590 5891 1753 5959 christianae,
1769 5889 1828 5961 plut
1842 5889 1965 5959 aliquid,
1981 5900 2036 5945 nnt
