4150 6250
127 284 177 342 tint
808 284 912 351 linuit
930 285 1090 350 asellus.
1728 287 1783 348 962

161 403 244 460 xvlt.
267 402 321 461 Sed
336 403 359 459 si
374 404 458 474 uobis,
475 405 609 478 inquiunt,
622 416 715 463 nostra
730 407 850 479 opinatio
864 411 921 467 dis·
934 411 960 472 Α
974 407 1094 478 irrepere
1114 420 1166 462 vox
1194 405 1280 477 possit
1304 417 1413 461 sensum
1433 404 1593 461 nunciatura
1620 405 1756 464 sermonis
1772 424 1780 463 :

125 501 217 571 plicet,
241 514 290 554 ros
314 499 508 568 demonstrate,
536 517 584 557 ros
608 502 769 574 diciteque
795 505 831 558 sit
855 504 925 560 lieris
975 508 1023 554 aut
1033 500 1056 554 si
1072 500 1152 554 verba
1165 513 1214 554 ore
1229 496 1386 565 lutrduntur,
1404 496 1474 554 labia
1487 496 1588 555 babere
1607 513 1669 555 cum
1689 499 1781 556 denti·

125 590 256 664 praeditus
279 591 374 647 iornra.
390 591 419 649 st
435 608 524 648 veram
541 594 622 649 vultis
642 595 737 652 audire
751 595 923 664 sententiam,
975 596 1037 661 bus,
1054 612 1168 669 quorum
1193 596 1298 652 inflictu
1311 603 1338 652 et
1360 595 1510 652 mobilitate
1526 595 1666 668 multijuga
1688 595 1781 668 lingua

123 694 171 741 aut
193 685 293 740 nuliam
315 685 396 741 habet
421 686 492 742 Deus
513 685 626 742 sormam
650 697 698 743 aut
721 688 744 744 si
765 687 926 745 informatus
977 703 1061 745 sonos
1073 689 1219 756 articulet,
1237 695 1266 744 et
1276 702 1371 744 rocem
1386 688 1414 742 in
1428 686 1512 744 rerba
1526 687 1690 747 cotalormet.

123 787 169 837 est
183 779 281 851 aliqua,
298 793 329 834 ea
354 793 415 849 quar
441 779 486 842 sil,
512 778 634 851 proiecto
659 780 805 837 nescimus.
832 779 925 852 Neque
1010 780 1083 837 xiie.
1094 780 1122 838 Si
1136 784 1222 839 nostri
1234 781 1319 837 animi
1333 788 1438 837 mutum
1453 795 1508 837 non
1524 781 1657 837 recusatis
1670 780 1776 852 audire,

122 871 198 930 etnim
214 872 285 944 quod
299 871 414 929 uidimus
431 889 588 946 numquam,
604 875 708 933 nescire
727 891 788 933 esse
801 876 925 934 ducimus
976 880 1081 928 tantum
1095 873 1173 930 abest
1193 881 1222 930 ut
1239 888 1289 929 nos
1303 873 1360 929 Deo
1371 873 1525 944 corporalia
1546 873 1707 930 liniamenta
1728 875 1778 931 tri·

123 974 203 1035 turpe
220 974 290 1020 :aut
302 978 334 1020 ea
355 980 385 1020 re
400 965 574 1036 prohibemur
589 967 703 1024 aliorum
719 970 868 1027 sententias
881 986 924 1027 re·
974 963 1102 1032 beamus.
1112 978 1140 1021 ιιι
1154 966 1307 1022 animorum
1322 967 1404 1023 etiam
1419 966 1538 1033 leem»
1553 966 1680 1039 lviiidie
1693 967 1778 1025 virtu·

122 1055 223 1124 lutare,
238 1060 301 1127 quia
319 1072 401 1128 super
415 1057 466 1113 hoc
479 1070 598 1115 nostram
614 1062 715 1119 nullam
736 1064 788 1135 ipsi
814 1074 924 1122 senten·
976 1068 1036 1131 les,
1070 1060 1170 1132 quibus
1192 1061 1315 1118 eminere
1340 1063 1384 1117 ris
1409 1075 1570 1117 concessum
1597 1069 1640 1118 est
1664 1062 1775 1134 paucis,

123 1146 188 1204 tiam
201 1150 362 1220 promimus.
379 1148 414 1206 Ut
424 1151 496 1206 euim
513 1153 535 1206 si
551 1152 718 1212 t'ilreusesse
729 1157 833 1213 dicatur
845 1175 923 1215 niun·
975 1160 1057 1209 tantm
1068 1156 1107 1210 rei
1120 1170 1265 1211 vereamur
1274 1154 1441 1211 adscribere·
1452 1153 1518 1223 Quis
1528 1156 1600 1212 enlin
1610 1155 1694 1211 Deum
1704 1156 1778 1213 illst·

123 1241 185 1311 dus,
200 1245 223 1297 si
237 1255 393 1314 argenteus,
411 1243 570 1301 ierreus'nel
589 1262 622 1302 ex
638 1248 725 1319 fragili
745 1250 923 1322 conglobatus
973 1245 1010 1301 rit
1024 1246 1133 1312 lorlem,
1146 1257 1332 1314 constantem,
1348 1249 1427 1319 iiiiii,
1444 1247 1617 1318 Sillessleffll
1631 1247 1692 1318 (1⁰5⁸
1715 1263 1779 1320 pro·

123 1346 153 1394 et
169 1336 314 1393 fabricatus
333 1348 412 1401 testa,
429 1354 482 1393 non
497 1338 652 1396 dubitemus
672 1342 766 1398 laisum
780 1358 842 1400 esse
859 1360 924 1400 eoin·
974 1337 1058 1395 bunt
1071 1340 1133 1411 quis
1144 1341 1287 1396 sobrium?
1302 1341 1362 1412 aquis
1376 1341 1460 1395 immo
1480 1340 1584 1410 aliquid
1602 1340 1701 1397 nosse?
1715 1341 1776 1412 equis

123 1429 246 1497 tendere,
255 1430 379 1501 quamvis
388 1445 448 1499 quae
462 1431 497 1487 sit
510 1431 569 1503 ejus
582 1434 693 1490 materia
706 1437 874 1492 nesciamus:
887 1437 923 1492 ita
975 1430 1147 1502 intelligere?
1160 1431 1221 1503 quis
1239 1430 1403 1503 prouidere?
1413 1432 1474 1502 quis
1487 1431 1521 1485 ad
1538 1431 1607 1487 lines
1626 1430 1777 1487 ciliciorum

119 1538 183 1579 eum
197 1523 232 1581 de
244 1525 335 1594 speeie
344 1533 440 1596 agatur
452 1524 512 1591 liei,
525 1541 605 1597 quam
621 1528 767 1598 perhibetis
781 1539 794 1568 ι
809 1531 923 1586 cenuin-
974 1537 1064 1584 certos
1073 1529 1211 1584 actionum
1221 1544 1331 1585 suarum
1342 1530 1451 1586 decreta
1462 1528 1642 1601 dirigentem?
1656 1528 1777 1588 donnana

119 1617 352 1682 cimusnnnesse,
364 1617 479 1674 etiamsi
492 1620 607 1691 quaesit,
619 1622 708 1679 minus
719 1637 865 1694 possumus
876 1638 923 1680 ex·
973 1632 1037 1676 sunt
1051 1619 1111 1677 haec
1124 1621 1205 1689 bona,
1222 1631 1250 1678 et
1263 1637 1296 1678 ex
1306 1621 1478 1693 oppositione
1490 1621 1619 1678 vitiorum
1635 1621 1778 1680 existima·

120 1707 234 1780 plicare.
975 1715 1077 1772 tionem
1100 1724 1259 1772 meruerunt
1274 1717 1375 1773 habere
1396 1715 1569 1772 laudabilem.
1582 1716 1649 1785 Quis
1663 1725 1705 1773 est
1726 1733 1778 1774 au·

156 1798 252 1856 xviii.
264 1801 334 1870 Quid
344 1817 424 1874 ergo,
436 1803 539 1876 inquiet
548 1805 662 1877 aliquis,
678 1821 732 1863 non
746 1807 821 1864 audit
831 1807 921 1864 Densi
936 1813 960 1874 Β
974 1818 1026 1865 lem
1039 1818 1093 1866 tam
1107 1812 1196 1867 obtusi
1212 1811 1338 1881 pectoris,
1356 1819 1410 1866 tam
1424 1811 1507 1876 bruti,
1522 1811 1567 1881 qui
1590 1811 1715 1868 immanis
1729 1812 1778 1870 bo·

120 1911 177 1952 non
190 1896 328 1969 loquitari
341 1913 395 1954 non
410 1908 473 1954 anile
487 1901 631 1971 sepositas
649 1900 794 1957 ressidet?
811 1917 864 1958 non
879 1902 920 1957 in·
974 1904 1017 1958 nis
1032 1903 1117 1959 [teum
1132 1919 1193 1961 esse
1204 1903 1276 1960 dicat
1289 1919 1415 1974 magnum
1425 1904 1437 1958 i
1449 1912 1496 1959 aut
1510 1903 1573 1961 ideo
1590 1906 1708 1962 norninis
1721 1921 1778 1962 ma-

121 1988 232 2044 luetur?
244 1988 299 2046 Suo
310 1989 421 2046 larsitan
435 2006 550 2063 genere,
562 2008 615 2049 non
630 2004 732 2049 nostro.
742 1993 834 2066 Neque
847 1995 920 2051 enirn
971 1994 1070 2066 jestate
1095 1996 1262 2067 praecellere,
1283 1995 1354 2066 quod
1372 1995 1498 2052 uitiorum
1512 2007 1606 2053 carcat
1631 1997 1773 2055 loeditatel

119 2079 178 2137 reri
190 2079 288 2151 aliquid
304 2083 453 2140 seiretanla
470 2085 495 2140 in
512 2100 541 2141 re
560 2101 712 2156 possumus,
725 2097 770 2142 aut
788 2089 920 2159 suspicio-

119 2173 200 2232 nibus
212 2175 339 2247 indagare
352 2194 359 2230 z
373 2192 440 2248 quas
453 2190 515 2233 cssc
535 2178 606 2249 apud
621 2193 670 2234 nos
682 2177 696 2217 b
709 2178 794 2248 liquet
807 2179 919 2235 instabi-

118 2267 172 2333 les,
184 2267 313 2335 lubricas,
328 2277 356 2324 et
376 2284 505 2325 variorum
529 2269 717 2326 sinrilitudines
740 2272 917 2327 sarnaiomm.

119 2358 149 2416 si
165 2359 236 2414 eninr
250 2359 396 2415 dixerimus
418 2361 514 2416 iisdem
529 2361 678 2417 rationibus
693 2361 797 2431 ridere,
822 2364 919 2435 quibus

118 2462 148 2510 rt
162 2469 213 2510 nos
226 2454 348 2512 ridemus
364 2455 505 2528 :sequitur
519 2466 547 2512 υι
571 2456 681 2527 intelligi
702 2457 800 2513 debeat
824 2473 921 2529 super·

117 2545 206 2620 jactas
220 2548 317 2620 pupilis
330 2565 392 2605 eum
411 2549 511 2605 babere
523 2550 722 2607 membranulas
734 2593 742 2620 ,
756 2552 919 2620 connitere,

119 2642 222 2698 nictare
234 2682 242 2708 ,
256 2642 347 2711 radiis,
359 2655 405 2699 aut
419 2643 707 2715 inraginibuseernere.
718 2654 764 2701 aut
773 2647 845 2718 quod
856 2662 921 2702 oeu-

119 2733 154 2789 lis
168 2750 311 2792 commuue
322 2744 364 2791 est
377 2736 511 2801 omnibus,
523 2737 582 2794 sine
600 2738 711 2793 alterius
722 2737 830 2794 luminis
844 2754 920 2795 eom·

24 2817 30 2828 ’
119 2829 250 2885 mixtione
271 2829 337 2884 initui
348 2829 458 2885 omunino
467 2832 636 2901 conspicere.
649 2831 726 2899 Quod
741 2830 828 2902 ipsum
842 2832 919 2888 sirni-

118 2923 182 2981 liter
208 2926 242 2983 de
262 2925 365 2994 auditu,
382 2941 413 2981 ao
437 2925 471 2981 de
491 2926 590 2997 eloquii
615 2926 752 2991 idumaei
776 2927 919 2983 verborum

120 3017 272 3091 prolatione
287 3017 428 3074 dicendum
450 3028 502 3075 est.
525 3019 553 3076 si
577 3034 625 3091 per
646 3035 726 3077 aures
748 3021 857 3088 audiat,
873 3038 920 3080 eas

968 2086 1108 2158 'Quidquid
1123 2088 1157 2144 de
1172 2088 1227 2144 [lea
1240 2088 1361 2155 dixeris,
1373 2088 1504 2160 quidquid
1518 2089 1607 2145 tacitae
1620 2092 1718 2147 mentis
1731 2106 1778 2148 co·

973 2177 1105 2248 gitatione
1114 2180 1283 2252 conceperis,
1299 2181 1325 2235 in
1337 2179 1484 2236 humanum
1496 2181 1613 2238 transilit
1623 2193 1651 2238 el
1660 2198 1779 2240 carrum·

974 2270 1046 2340 pitur
1058 2288 1166 2328 sensum
1183 2290 1190 2325 z
1205 2271 1350 2328 nechabet
1364 2273 1480 2343 propriae
1502 2273 1706 2344 significationis
1727 2293 1778 2332 no·

974 2371 1040 2431 min,
1054 2366 1126 2437 quod
1141 2366 1242 2422 nostris
1263 2364 1361 2421 dicitur
1384 2365 1474 2422 uerbis
1486 2405 1495 2429 ,
1509 2374 1590 2438 alque
1606 2368 1641 2422 ad
1666 2369 1778 2440 negocia

974 2456 1090 2515 bumana
1103 2458 1268 2530 compositis.
1286 2457 1360 2514 Unus
1379 2466 1422 2515 est
1434 2458 1552 2515 hominis
1565 2459 1718 2517 intellectus
1743 2461 1778 2519 de

976 2555 1022 2611 liei
1044 2562 1139 2610 ustura
1163 2554 1342 2621 certissimus,
1358 2554 1381 2610 si
1395 2553 1477 2622 scias,
1491 2563 1520 2610 et
1542 2553 1643 2611 sentias
1657 2554 1725 2612 nibil
1744 2555 1778 2613 de

974 2647 1022 2703 illo
1034 2662 1114 2718 posse
1127 2649 1235 2703 mortali
1245 2647 1368 2704 oratione
1380 2646 1513 2719 depromi.

1010 2741 1070 2798 xx.
1087 2742 1120 2797 Et
1133 2741 1193 2798 baro
1206 2756 1270 2798 rero
1290 2743 1375 2811 prima
1399 2749 1442 2797 est
1461 2750 1611 2797 vestrorum
1636 2743 1776 2799 numinum

974 2837 1150 2903 contumelia,
1165 2853 1245 2910 quam
1258 2836 1293 2893 dc
1306 2836 1412 2902 lormis,
1426 2851 1454 2893 et
1468 2836 1578 2894 sexibus
1593 2837 1656 2895 boni
1671 2840 1778 2896 seilicet

974 2930 1107 2998 vindices,
1118 2942 1146 2988 et
1156 2931 1273 3004 religiosi
1288 2930 1465 2988 constituistis
1474 2941 1610 2987 auctores.
1622 2931 1690 2989 iliud
1702 2947 1777 3000 uero,

973 3027 1046 3098 quod
1060 3026 1192 3098 sequitur,
1208 3024 1289 3096 quale
1308 3033 1361 3093 est,
1377 3024 1449 3096 quod
1469 3022 1536 3080 deos
1549 3024 1627 3081 vobis
1650 3023 1778 3082 inducitis

118 3127 228 3185 quoquc
250 3111 351 3170 habere
373 3111 500 3173 flexuosis
515 3114 667 3174 tramitibus
680 3115 849 3189 perforatas,
865 3134 918 3190 qua
932 3109 955 3177 C
970 3120 1038 3178 alios
1064 3121 1172 3191 fabros,
1187 3119 1256 3178 alios
1270 3119 1402 3189 medicos,
1417 3118 1486 3176 alios
1499 3115 1635 3188 lanarios,
1660 3127 1776 3190 nantas,

720 3234 914 3296 ebelredus
933 3236 1144 3296 VdedNTES.

1000 3353 1014 3395 ¹³
1027 3353 1078 3407 ilos
1089 3348 1162 3405 uun.

800 3462 1084 3522 commendantes.

151 3350 165 3381 ⁶
182 3349 317 3403 Perbibitls
327 3349 386 3403 Sal.
399 3346 473 3401 reale.

120 3581 264 3648 Salmasio,
292 3580 437 3638 ediderunt
458 3579 639 3636 aettnnoenm
659 3594 760 3650 pecore,
786 3579 916 3649 pessime.

120 3655 187 3710 Nam
203 3654 342 3709 veterinum
356 3669 443 3722 pecus.
465 3661 494 3705 nt
506 3651 626 3718 pluribus
639 3651 758 3708 ostendit
771 3650 919 3706 Lambinus

120 3726 155 3780 ad
182 3725 302 3789 turen,
317 3725 335 3778 Ι.
348 3740 374 3788 v,
392 3738 463 3778 sers.
479 3722 543 3785 865,
561 3739 587 3791 p.
603 3721 667 3790 ets,
687 3725 814 3778 dretturer
829 3724 919 3777 omnia

119 3796 258 3860 aninnaiia,
285 3811 346 3866 qnae
371 3796 472 3850 uehere
493 3793 557 3863 quid
583 3802 711 3863 possunt,
738 3794 860 3858 boves,e
880 3793 918 3857 ui,

120 3869 197 3933 nudi,
210 3867 289 3927 asini,
305 3877 370 3933 etc,
381 3881 495 3937 quorum
514 3865 586 3919 υυΙΙυ
610 3876 656 3919 aut
670 3865 779 3920 minima
793 3811 920 3919 carnalio-

120 3941 197 3995 mine
210 3939 359 3995 similitudo
369 3950 420 3993 est.
437 3939 570 3992 Caetertnn
592 3935 638 3991 ille
651 3937 736 3991 inercia
749 3937 804 4004 qnia
817 3945 919 3999 auctor,

119 4019 152 4065 nt
165 4012 244 4066 docet
258 4008 399 4072 lincurius,
415 4008 520 4064 Ennius
542 4016 593 4073 est,
607 4007 685 4078 eujus
708 4019 787 4062 notus
798 4022 893 4062 versus
905 4021 922 4062 e

119 4080 254 4138 (liceretne
265 4082 300 4137 de
310 4082 370 4136 bat.
385 4080 462 4136 deor.
479 4096 497 4147 r,
513 4094 538 4134 c.
553 4080 598 4134 55.

169 4195 245 4246 Simia
255 4207 329 4257 quam
339 4192 435 4255 similis,
448 4193 586 4256 turpissima
597 4192 686 4255 bestia,
700 4192 780 4243 nabis.

121 4297 425 4357 Neemrdiendnsetiam
436 4294 921 4367 ileursiusindppendicciegendum

121 4371 266 4442 suspicans
278 4370 382 4424 cluniae
392 4384 449 4422 cum
461 4384 560 4437 pecore.
572 4368 651 4424 Coras.
661 4370 762 4427 Savaro
770 4369 803 4424 ad
815 4370 920 4436 Sidam,

123 4442 171 4498 tib.
187 4458 207 4502 l.
222 4443 302 4512 epist.
314 4457 333 4503 ι,
350 4457 377 4510 p.
392 4441 420 4495 l.
435 4440 536 4496 ancu.

159 4513 290 4568 xlll-
308 4511 486 4567 Proninennn.
511 4512 549 4567 lta
573 4511 710 4568 Gelenius.
738 4511 827 4568 Editio
848 4511 922 4583 pultr-

123 4601 189 4655 ceps
201 4586 375 4655 proludentes,
387 4585 464 4637 male.
479 4584 582 4639 Osset..

165 4655 211 4710 l'el
224 4672 257 4711 ea
266 4655 355 4725 [riaqili
368 4655 533 4725 curtglabirtut
555 4664 579 4709 cl
600 4655 741 4725 fabricatur
755 4664 828 4709 terta.
842 4653 882 4708 lta
894 4653 920 4708 in

121 4728 187 4785 cod.
205 4742 256 4781 ms.
279 4727 330 4796 legi
353 4726 432 4782 docet
447 4726 628 4791 stewechius,
653 4734 681 4781 ct
694 4726 841 4783 Salmasius
854 4728 923 4780 banc

122 4798 270 4855 lectionem
284 4799 386 4868 primus
398 4800 423 4851 io
439 4806 540 4853 testum
555 4800 701 4853 revincaris.
714 4796 919 4865 ltectempinnr.

123 4869 194 4926 Nam
209 4870 375 4941 conglobatur
386 4870 473 4938 fragili
490 4879 566 4924 testae
576 4870 661 4923 multo
673 4869 769 4922 meiius
783 4865 920 4930 ernrrrenit,

123 4958 207 5013 quam
223 4941 384 5003 condoletur,
401 4940 473 5010 qnod
487 4956 503 4996 e
517 4938 688 4995 correctione
701 4938 805 4995 Gelenii
823 4938 923 4992 nanneni

124 5013 217 5069 caeteri
232 5013 362 5068 editores.
377 5011 469 5082 Neque
489 5013 560 5067 enim
585 5010 686 5077 fragilis
702 5020 770 5064 testa
784 5008 923 5079 eilingiiur

125 5083 275 5146 dolamine,
292 5084 339 5139 sed
355 5099 370 5138 c
386 5083 459 5138 arnalii
488 5092 560 5139 creta
575 5082 616 5137 rel
633 5082 688 5136 luto
705 5080 848 5135 labrelaeta
865 5091 922 5134 ror⁸

123 5164 214 5220 retur,
229 5154 329 5209 deinde
350 5152 458 5210 iornace
471 5153 606 5225 coquitur.
623 5152 709 5207 Porro
736 5151 922 5218 maximopere

124 5225 232 5285 dubito.
248 5242 282 5281 an
305 5224 456 5282 latiue'diri
478 5226 563 5295 possit
580 5226 758 5292 enrrnpnsitnm
772 5221 922 5287 condolore,

123 5297 198 5368 qrrnd
211 5298 323 5350 serbiam
345 5295 445 5354 lrustra
466 5297 577 5367 quaesivi
594 5296 621 5350 io
639 5295 753 5352 Lexicis-
770 5292 838 5348 Nam
865 5309 923 5346 cum

124 5369 169 5423 uel
182 5385 230 5423 can
243 5368 270 5421 in
285 5368 375 5422 verbis
396 5369 553 5436 eorrapositis
566 5366 732 5437 junctionem
747 5366 864 5434 aliquam
878 5363 922 5416 rel

122 5440 291 5494 additionem
308 5439 350 5494 net
365 5439 590 5510 compositionem
602 5436 765 5492 stabindical.
780 5435 860 5503 dlqui
874 5436 923 5487 do-

122 5510 226 5565 lamine
242 5510 309 5565 ninil
321 5510 439 5574 additur,
453 5510 500 5565 sed
515 5510 634 5565 demitur
649 5507 738 5578 potius
759 5506 799 5561 vel
814 5505 922 5559 abscin-

120 5580 198 5636 ditur
219 5581 321 5650 aliquid
339 5584 420 5653 ligna,
439 5582 520 5651 lapidi
546 5588 592 5635 aut
615 5577 734 5634 metalla.
751 5576 827 5632 Fulv.
847 5574 922 5632 llrsi·

971 3578 1090 3648 spiciens
1104 3575 1216 3634 forsitan
1229 3575 1263 3633 ad
1281 3576 1362 3634 rerba
1372 3574 1561 3641 illallartialis,
1575 3575 1622 3632 lib.
1634 3592 1671 3646 rt,
1683 3575 1775 3649 Epigr.

972 3651 1008 3705 itt
1025 3667 1032 3706 :
1048 3647 1164 3719 Priapes
1177 3649 1209 3703 rie
1223 3651 1312 3720 [rnqiii
1324 3649 1427 3703 delatus
1440 3650 1523 3703 ulmo.
1536 3647 1590 3704 Sed
1611 3647 1692 3719 longe
1706 3666 1777 3720 praa-

973 3719 1032 3776 l‘ero
1057 3721 1200 3776 tectionem
1222 3707 1325 3777 codicis
1345 3718 1522 3791 conglobatur,
1547 3733 1608 3790 quae
1629 3719 1778 3776 adstruitur

973 3794 1056 3847 etiam
1072 3791 1133 3847 loro
1145 3793 1225 3863 piane
1239 3790 1322 3846 simili
1346 3791 1499 3856 Ciceronis,
1524 3789 1559 3845 de
1573 3789 1667 3845 Natur.
1684 3791 1775 3856 deor..

974 3862 994 3917 l.
1007 3879 1037 3925 u,
1048 3877 1072 3917 c.
1086 3863 1121 3917 59
1132 3880 1138 3915 ι
1149 3866 1185 3915 Ac
1196 3862 1324 3930 principio
1336 3872 1405 3916 terre
1419 3863 1539 3916 uniuersa
1550 3872 1681 3927 canatur,
1693 3862 1777 3917 locale

974 3935 1001 3987 in
1015 3935 1100 3987 medic
1111 3932 1201 3986 mundi
1213 3934 1282 3998 sede,
1294 3932 1380 3987 solida
1396 3942 1419 3987 el
1429 3933 1545 4004 globosa.
1559 3943 1583 3986 et
1598 3932 1777 4003 undiqner‘psa

974 4005 1001 4059 in
1014 4021 1070 4059 rese
1085 4005 1187 4058 naariam
1206 4004 1260 4057 sair
1273 4001 1435 4075 cerrqlolnte,
1451 4005 1541 4058 uestita
1552 4004 1670 4072 rioribus.
1687 4003 1777 4060 Cute·

974 4090 1034 4131 rum
1053 4088 1249 4145 praeceptorem
1271 4088 1351 4129 suum
1366 4075 1515 4129 arnobium
1532 4073 1651 4129 inritatus
1666 4084 1708 4130 est
1722 4074 1777 4130 La·

974 4148 1102 4210 orantius,
1118 4146 1153 4201 de
1171 4143 1242 4213 Opil.
1268 4144 1326 4209 liei,
1346 4158 1371 4199 c.
1389 4144 1462 4217 ης
1484 4144 1577 4199 lxdie
1596 4145 1619 4198 ri
1642 4146 1704 4199 milri
1719 4147 1775 4218 qrtir

975 4218 1192 4285 diacrinomeni
1214 4232 1268 4270 esre
1281 4217 1384 4282 caelum,
1408 4225 1452 4269 aut
1472 4216 1590 4278 eitrernn,
1604 4224 1631 4268 ιιι
1646 4215 1776 4288 Erupedo-

974 4289 1027 4345 eles
1042 4291 1088 4352 ait,
1104 4305 1188 4344 nerent
1198 4287 1349 4359 glaciatum,
1364 4287 1484 4342 statimne
1495 4287 1637 4351 adsentiar,
1650 4288 1711 4358 quin
1725 4303 1776 4342 cea·

974 4361 1037 4428 lurrt,
1063 4377 1095 4415 es
1115 4377 1165 4431 qua
1189 4360 1297 4413 rituterin
1316 4360 1357 4428 fit,
1384 4357 1518 4430 ignorent?
1538 4357 1582 4413 ulrl
1606 4357 1668 4414 vide
1683 4357 1775 4415 Burre-

976 4447 1081 4490 mann..
1098 4448 1124 4499 p.
1143 4430 1223 4495 taut,
1239 4444 1298 4501 seq.
1312 4429 1414 4487 Onsxc.

934 4483 962 4544 Ῑ)
1010 4501 1106 4558 xviii.
1116 4531 1153 4543 -
1168 4501 1334 4572 superiectas
1348 4501 1462 4574 paruulis.
1475 4498 1513 4556 lta
1529 4516 1571 4556 ms
1584 4510 1611 4557 ct
1624 4499 1668 4557 ed.
1685 4500 1773 4573 Lngd.

973 4576 1034 4658 Bal.
1068 4574 1121 4629 dlii
1154 4573 1270 4656 parpillir.
1296 4570 1348 4629 Sed
1377 4573 1477 4642 pupula
1513 4571 1674 4655 estnlorma
1706 4573 1776 4628 ariti-

973 4642 1775 4796 illiti-,ilitittt’,tttiiuttllfitit'ualtit...

973 4787 1072 4844 weelrii
1095 4784 1441 4858 conjecturatllnltiinqor
1463 4787 1553 4859 linqua
1576 4801 1653 4842 sanor
1675 4795 1775 4839 urtica-

973 4858 1145 4984 le‘lllillLff-
1164 4928 1299 4995 Quian...
1327 4927 1506 4998 dirigentem?
1526 4925 1565 4982 lta
1590 4925 1651 4981 cod.
1675 4939 1727 4980 ms.
1747 4933 1775 4981 ei

973 5001 1017 5058 ed.
1042 5002 1129 5073 Lugd.
1147 5000 1207 5055 Bm.
1223 4999 1273 5056 dlii
1296 4997 1400 5053 maium
1422 4997 1543 5070 diripere,
1570 5010 1632 5068 qnia
1658 5010 1775 5066 praeces·

973 5073 1060 5129 serint
1073 5072 1197 5127 ininitini
1211 5086 1296 5137 name,
1310 5069 1460 5139 intelligere,
1473 5068 1616 5139 prouidere.
1631 5065 1686 5122 Sed
1699 5067 1772 5138 ejus·

973 5145 1047 5201 modi
1071 5141 1234 5199 anacolutba
1255 5141 1406 5213 frequentia
1428 5138 1499 5209 apud
1523 5140 1640 5212 optimos
1653 5138 1773 5211 scripto·

974 5216 1287 5358 resllllrlilall'rrtnjestnle
1303 5283 1355 5340 liii
1370 5282 1493 5337 cruminis.

1009 5357 1070 5413 xx.
1082 5387 1118 5397 -
1131 5355 1268 5411 maturior.
1277 5355 1375 5412 Antion
1389 5354 1532 5425 legendum
1546 5352 1665 5421 maidens
1677 5353 1691 5408 ,⁹
1703 5351 1771 5410 Nam

973 5427 1086 5483 deorum
1110 5428 1282 5492 lanariorum,
1299 5427 1325 5482 id
1340 5424 1441 5497 estqui
1457 5425 1544 5480 lanam
1560 5423 1686 5480 sordibus
1707 5440 1773 5496 pur-

973 5500 1120 5626 ganlimid.
1136 5514 1229 5563 stupra,
1242 5498 1278 5581 ad
1288 5498 1307 5556 l.
1319 5514 1348 5565 u,
1370 5512 1394 5553 c·
1415 5494 1473 5567 58),
1496 5496 1570 5551 nulla
1592 5496 1705 5581 mentio,
1723 5495 1772 5552 sed

983 5570 1153 5627 arnrlieorum.
1170 5569 1208 5623 lta
1224 5570 1337 5637 lnrrrpcoe
1357 5583 1468 5630 roraret,
1484 5567 1587 5622 Parere.
1603 5568 1657 5621 bed
1671 5564 1771 5622 lorias·

120 5668 174 5707 nus
192 5651 284 5723 itnqnc
303 5652 446 5724 legendnm
456 5651 566 5779 υουὲιείι
586 5669 592 5706 :
608 5650 647 5706 Ec
670 5649 759 5722 fragili
773 5648 884 5703 coalitus
898 5658 923 5702 et
973 5643 1054 5698 sisio
1070 5641 1168 5698 talibus
1181 5639 1398 5697 distinctionibus
1413 5636 1504 5697 minus
1525 5646 1671 5694 accuratus
1683 5639 1771 5694 druo-

120 5724 265 5793 fnlricanu
277 5735 351 5787 urin,
363 5734 493 5796 sequente

115 5793 165 5857 Ex
185 5794 275 5868 fragili
296 5795 365 5866 ligna
385 5796 487 5883 deintus
499 5812 544 5854 sert
564 5793 703 5866 (adnectite
717 5808 772 5850 crte
786 5799 861 5860 testa,
877 5807 922 5848 re·

531 5722 719 5779 irneninnrstio.
731 5718 921 5777 stewechius:
972 5712 1043 5770 blus.
1058 5714 1160 5770 Onam..

1011 5783 1124 5844 Nautes.
1138 5784 1220 5857 dage
1234 5786 1241 5840 t
1258 5783 1299 5841 itii
1320 5782 1387 5841 nulli
1410 5788 1500 5840 naute
1512 5799 1519 5840 ε
1531 5795 1619 5856 oeque
1632 5781 1704 5841 enirn
1717 5780 1770 5841 Ne·
