4150 6250
324 317 466 408 asa'

938 326 1165 389 bisstetttattO
1182 323 1323 383 PnAEttn

1917 297 1971 356 588

325 465 438 538 intelligi
460 463 613 528 debebant,
645 458 725 515 alieni
748 450 961 527 ‘patefecernutl
985 445 1121 518 Numquid
1135 446 1158 507 Α
1173 442 1317 503 buitebant,
1336 434 1499 508 turpissimis
1522 442 1550 489 et
1573 431 1663 489 diuina
1677 427 1818 500 majestate
1831 424 1910 496 plane
1925 422 1970 479 in-

325 564 406 619 etiam
417 573 525 625 omnes,
537 555 580 613 rei
590 553 688 625 aliquot
699 561 801 606 tantum
811 548 891 604 unius
902 543 1023 600 historiae
1033 553 1123 613 partes

324 653 470 726 allegorico
485 650 636 722 signideatu
651 642 820 717 exponenda
842 639 924 696 sunt?
946 637 1006 694 Nun
1029 651 1124 691 ornnes
1204 676 1214 686 .

324 745 445 820 quidem.
460 743 578 800 Necesse
591 740 662 796 eninr
678 744 763 802 essct,
781 744 809 788 ut
821 732 922 789 ethnici
937 728 1042 800 singula
1054 744 1125 799 qnae·

323 853 377 909 que
393 838 472 901 iacta,
496 836 580 900 loeus,
596 831 731 903 regiones,
746 828 852 891 domos,
868 824 1003 886 nationes,
1018 822 1124 893 aliaque

323 930 366 986 his
381 928 502 986 historiis
516 923 722 994 cortrprehensa,
738 918 884 990 allegorico
894 931 974 972 sensu
989 916 1123 982 iuterpre-

324 1033 463 1087 turentur,
489 1034 540 1076 nee
568 1018 622 1074 allo
647 1013 760 1084 intelligi
789 1026 869 1083 posse
893 1010 1122 1067 demonstrarent.

324 1117 415 1174 Gratis
428 1115 508 1171 etiam
524 1114 658 1183 drrgereut
682 1108 786 1177 aliquas
805 1105 884 1160 unius
900 1104 1022 1159 historiae
1035 1110 1125 1173 partes

323 1211 373 1270 illu
387 1208 545 1280 allegorico,
560 1205 626 1262 alias
640 1201 754 1258 rratttrali
767 1216 849 1258 sensu
861 1197 1044 1268 accipiendas.
1057 1195 1124 1264 Quae

324 1302 424 1362 eteuitn
439 1299 609 1373 pnrspotius,
621 1312 699 1369 quarn
713 1296 764 1350 alin
779 1296 805 1350 in
819 1291 961 1349 Saturniani
975 1302 1002 1347 et
1014 1291 1125 1347 Proser-

324 1396 406 1467 pinae,
430 1392 472 1449 vel
495 1392 571 1450 iovis
583 1399 611 1446 et
623 1389 733 1446 Cereris
753 1386 866 1442 historia
879 1383 1010 1455 assignari
1023 1393 1122 1453 potest,

323 1507 384 1563 quae
404 1489 551 1560 allegorico
566 1496 613 1542 ant
625 1482 741 1540 naturali
754 1498 836 1537 sensu
851 1478 980 1551 explicari
1006 1476 1124 1534 debeat?

323 1585 389 1655 Quas
402 1584 473 1640 ratio
482 1581 559 1640 reddi
573 1581 683 1652 poterit,
694 1592 743 1633 cur
754 1578 782 1631 in
793 1573 954 1646 quibusdam
968 1571 1026 1627 siue
1037 1570 1123 1633 lotis,

323 1678 384 1732 sive
409 1673 549 1732 Summani
579 1669 700 1726 historie
717 1667 849 1738 -purtihns
877 1662 1075 1735 explanandis,
1108 1676 1124 1716 a

323 1767 440 1825 naturali
451 1765 485 1823 ad
497 1764 673 1838 allegoricum
685 1777 796 1818 sensnm
810 1773 924 1817 neeesse
934 1759 970 1813 sit
981 1757 1123 1813 transitum

323 1859 401 1919 lteri?

359 1971 456 2030 Omnia
470 1972 562 2042 igitur,
575 1986 635 2043 qnae
648 1985 701 2026 una
714 1968 864 2040 eademque
874 1967 985 2025 historia
997 1981 1123 2038 eompre-

325 2066 492 2135 henduutur,
511 2080 565 2121 uuo
578 2067 728 2135 eodemque
742 2079 824 2120 seusu
836 2063 897 2118 sive
920 2061 1048 2124 naturali,
1064 2062 1121 2117 sive

322 2161 471 2234 allegorico
480 2160 579 2217 debent
592 2158 717 2230 intelligi.
728 2158 809 2230 Atqui
822 2156 873 2213 hoc
887 2155 1009 2213 sectando
1021 2156 1122 2226 allego-

322 2256 381 2311 rico
406 2252 557 2326 signiticato
583 2260 681 2307 cuncta
696 2252 723 2305 in
739 2266 792 2306 una
816 2251 967 2322 eademque
997 2248 1120 2317 historia,

321 2345 549 2420 quemadmodum
565 2345 591 2400 in
605 2343 714 2414 Troiani
730 2341 793 2399 belli
807 2342 848 2399 vel
863 2342 1012 2398 Cannensis
1026 2355 1122 2411 pugne

321 2439 488 2504 narratione,
506 2454 559 2493 nnn
580 2447 694 2508 possunt
706 2435 846 2507 explicari.
862 2437 901 2491 be
916 2436 967 2491 diis
980 2435 1122 2492 enimuero

320 2550 381 2606 que
395 2533 504 2605 seriptis
518 2533 676 2603 consignata
690 2532 816 2603 legimus,
839 2547 872 2587 eu
895 2531 958 2587 inde
973 2532 1121 2602 probantur

320 2628 410 2697 reipsa
424 2641 456 2683 ae
468 2641 533 2683 vere
548 2623 618 2681 laeta
632 2638 704 2690 esse,
718 2624 782 2695 quia
796 2623 832 2680 de
845 2624 899 2680 illis
912 2622 978 2680 iesta
990 2623 1120 2680 solemnia

320 2730 394 2778 stato
407 2718 758 2790 temporecelebrabantur.
773 2716 874 2774 ilerum
890 2715 1023 2787 siquidem
1038 2715 1121 2771 lesto-

319 2833 382 2876 runt
402 2826 530 2872 constans
549 2823 577 2870 et
596 2822 670 2870 certa
684 2812 801 2869 debebat
814 2827 876 2869 esse
890 2811 979 2883 origo,
1009 2826 1060 2867 nec
1074 2810 1119 2865 illa

320 2912 379 2970 sine
393 2912 483 2983 aliqua
496 2910 602 2966 ratione
617 2907 738 2963 instituta
753 2906 873 2964 iuuerunt.

358 3031 411 3087 l‘ae
424 3038 525 3092 tamen,
546 3027 568 3083 si
583 3027 659 3093 velis,
686 3026 712 3081 in
727 3025 847 3081 historiae
862 3022 1005 3095 cujuslibet
1019 3022 1120 3078 descri-

320 3126 413 3196 ptione
426 3120 498 3178 aliud
509 3119 631 3181 omnino,
647 3134 730 3190 quant
742 3116 823 3173 verba
839 3126 947 3183 sonant,
959 3114 1118 3187 significari.

319 3217 378 3274 Nou
394 3216 483 3271 mistus
496 3223 572 3269 certe
585 3210 651 3268 iliud
666 3210 699 3266 ad
714 3211 827 3266 deorum
852 3208 970 3264 dedecus
983 3218 1009 3263 et
1025 3217 1120 3264 ootttn·

320 3309 428 3366 meliana
456 3304 625 3362 redundabit.
651 3302 717 3372 Qum
732 3302 833 3359 etenim
858 3300 1008 3368 maiurdiis
1020 3301 1119 3372 itrjttria

320 3402 380 3460 licri
395 3409 495 3473 potest,
509 3414 589 3472 quant
603 3399 678 3454 loris
691 3414 722 3453 ac
735 3395 854 3461 Cereris,
870 3394 943 3449 rerbt
959 3394 1056 3465 gratia,
1072 3409 1118 3449 ue1

319 3498 387 3554 lario
400 3495 544 3553 concubitu
558 3504 658 3550 terram
670 3492 757 3547 imbre
765 3489 942 3545 ntadehrctant
953 3487 1119 3559 significari?

320 3589 415 3646 Nonne
429 3586 515 3643 muho
526 3586 609 3641 satius
619 3594 678 3640 erat
691 3581 826 3637 honrinem
840 3595 902 3636 esse
912 3590 1028 3645 mutum,
1038 3593 1117 3649 qnam

319 3696 365 3738 res
378 3681 506 3736 honestas
520 3689 548 3736 et
564 3677 699 3735 naturales
716 3674 878 3745 turpissimis
892 3672 1005 3727 deorum
1028 3673 1119 3743 appel-

321 3776 378 3831 lare
392 3772 557 3830 sceleribus?
569 3771 730 3835 bisantem,
743 3782 847 3838 qnmso,
860 3765 924 3834 qnid
936 3764 1044 3820 uetabat
1053 3780 1120 3834 quo-

320 3867 408 3924 minus
420 3881 590 3936 unaqueque
608 3880 652 3921 res
666 3862 797 3919 naturalis
810 3860 919 3933 proprio
931 3876 980 3916 suo
994 3859 1118 3927 nominc,

321 3976 374 4018 non
388 3959 501 4015 deorum
516 3959 607 4030 aliquo
618 3958 731 4015 crimine
740 3954 959 4027 significaretur?

355 4080 446 4153 Neque
461 4094 542 4150 porro
555 4077 699 4133 dicendum
712 4074 780 4130 deos
792 4073 911 4128 noluisse
925 4086 973 4126 sna
989 4070 1118 4141 publicari

317 4173 457 4246 mysteria,
479 4181 560 4244 atque
575 4170 676 4225 idcireo
697 4182 791 4223 eorum
816 4165 944 4221 historias
967 4146 1135 4236 allegoricis*

262 4276 266 4291 ·
318 4268 433 4338 scriptas
446 4265 681 4334 esseatnhagihes.
697 4261 764 4318 Nam
779 4261 821 4317 ltee
833 4260 989 4331 allegoricis
999 4259 1120 4315 tenebris

320 4358 448 4414 involtttue
463 4358 557 4429 paucis
571 4357 680 4428 quidem
695 4355 810 4425 cognita
826 4365 915 4420 erartt,
941 4352 988 4408 sed
1004 4351 1120 4423 apertis-

318 4451 386 4506 sima
411 4450 537 4505 omnibus
558 4446 778 4519 proponebantur
801 4447 914 4503 deorum
935 4445 1047 4517 flagitia,
1061 4462 1121 4517 quae

320 4543 476 4601 hominihus
496 4542 599 4598 invitia
614 4540 725 4596 nimium
751 4542 891 4611 propensis
914 4540 1014 4595 dabant
1025 4539 1119 4596 eadent

319 4636 435 4693 iaeicttdi
446 4636 628 4692 occasionem.
641 4632 742 4689 Deinde
755 4648 820 4689 vcro
832 4633 875 4688 cui
888 4649 1004 4705 unquam
1017 4633 1118 4688 homini

319 4727 358 4785 dii
369 4728 576 4785 declaraverunt
589 4724 707 4780 voluisse
720 4724 770 4779 suh
784 4724 935 4794 allegorica·
956 4724 1119 4792 interpreta-

321 4819 403 4876 tionis
418 4817 583 4874 obscenitate
598 4816 733 4887 adscripta
748 4815 799 4870 sihi
812 4815 1005 4871 obscenissima
1019 4816 1119 4886 flagitia

318 4912 470 4970 venditari?
485 4911 551 4980 Quis
564 4924 629 4965 vero
643 4908 749 4965 dubitat
761 4924 809 4967 cos
824 4924 876 4988 non
891 4908 991 4979 turpia,
1005 4910 1053 4966 sed
1071 4910 1121 4966 lto-

318 5015 394 5062 nesta
409 5005 442 5060 de
458 5020 488 5060 se
500 5003 552 5059 diei
568 5017 675 5074 semper
688 5002 832 5057 tatalnissel
859 5003 992 5057 Praeterea
1006 5003 1028 5057 si
1044 5003 1120 5074 htty-

318 5098 362 5153 dis
377 5096 486 5152 notariae
508 5094 593 5151 soient
610 5102 810 5163 nutreuparnnt,
837 5091 900 5163 qnid
917 5091 1016 5147 iactum
1031 5103 1073 5148 est
1085 5094 1121 5148 de

318 5193 376 5260 iiio,
391 5207 470 5259 quern
488 5191 608 5245 historiae
630 5188 773 5260 perhibent
792 5187 819 5243 in
835 5186 951 5259 Phrygia
973 5196 1076 5251 tratum,
1090 5202 1123 5243 ae

318 5288 434 5358 piurima
450 5284 548 5354 egisse,
573 5298 634 5354 qum
650 5291 882 5351 representantur
906 5282 932 5335 iu
957 5280 1080 5345 theatris,
1096 5288 1123 5336 ct

318 5380 418 5435 arntrnis
442 5376 658 5434 solemnitatibus
682 5374 857 5430 recoluntur?
880 5373 949 5442 Quid
976 5374 1056 5429 etiam
1082 5374 1123 5429 sol

320 5473 435 5537 nternit;
449 5481 477 5525 ut
492 5467 599 5541 Attidis
612 5466 723 5522 castrati
738 5466 856 5522 hontiuis
868 5476 980 5522 avocetur
995 5466 1136 5541 nominc?v

320 5563 442 5633 [tetrique
468 5568 567 5619 ductor
590 5569 684 5617 noster
708 5560 791 5616 multa
817 5562 842 5615 in
867 5561 979 5616 deorum
1002 5559 1123 5615 historiis

320 5657 427 5713 lectitas
460 5655 596 5722 ostendit,
626 5671 687 5723 qum
715 5655 862 5723 allegorico
884 5670 966 5709 seusu
995 5653 1124 5724 explicari

321 5755 468 5820 nequeunt.
482 5747 521 5802 iix
535 5749 632 5820 quibus
643 5748 689 5804 ille
702 5748 840 5803 conscindit
851 5746 928 5803 nefas
939 5761 1050 5818 prorsus
1063 5761 1123 5803 esse

322 5842 388 5899 deos
401 5840 436 5898 ah
448 5841 605 5911 gentilibus,
620 5845 642 5898 si
654 5843 714 5899 ilios
728 5857 821 5901 revera
834 5843 953 5899 existere
965 5855 1122 5915 persuasum

1175 535 1263 607 dignis
1278 531 1368 588 uocari
1384 525 1545 585 nominibus.

1463 658 1609 701 nnrtcutns
1635 658 1669 695 n.

1438 780 1549 845 dnalysis
1558 779 1613 829 iibri
1628 778 1701 828 sexti.

1212 913 1240 969 iu
1256 913 1308 967 lunc
1321 920 1350 968 et
1361 909 1535 982 subsequenti
1550 907 1619 962 libro
1631 905 1710 961 ailam
1726 900 1860 959 drnobiue
1883 899 1972 970 genti·

1176 1009 1241 1067 lium
1264 1006 1341 1062 diluit
1357 1005 1584 1066 criminationem,
1607 1015 1659 1071 qua
1673 997 1834 1055 christianos
1848 994 1975 1049 maximae

1176 1102 1320 1174 impietatis
1336 1110 1477 1173 propterea
1492 1095 1665 1159 aeettsaltant,
1681 1090 1752 1163 qrtod
1773 1091 1843 1146 uuila
1859 1087 1975 1143 deornm

1176 1198 1308 1254 inherent
1326 1195 1425 1265 templa
1439 1201 1486 1248 attt
1499 1190 1654 1253 sinmtacra,
1670 1202 1719 1244 nec
1734 1185 1786 1240 ulla
1801 1198 1918 1254 tunquam
1941 1181 1978 1235 iis

1175 1292 1308 1350 sacrificia
1322 1288 1451 1345 lacerent.
1467 1290 1487 1342 Α
1504 1286 1613 1357 templis
1627 1275 1717 1339 autem
1732 1280 1844 1337 deorum
1856 1277 1977 1343 orditur,

1176 1389 1320 1461 palamque
1336 1385 1434 1440 latetur
1449 1384 1480 1438 iis
1496 1381 1657 1438 christianus
1671 1390 1785 1450 carere,
1801 1388 1853 1429 non
1867 1373 1893 1428 in
1909 1372 1980 1426 deo-

1176 1496 1248 1541 rum,
1262 1480 1285 1534 si
1300 1476 1379 1533 modo
1403 1476 1470 1532 tales
1494 1473 1602 1545 quddam
1616 1471 1743 1536 existant,
1769 1474 1953 1536 cottternptnm
1968 1477 1977 1529 3

1175 1571 1223 1628 sed
1238 1572 1299 1643 quia
1323 1586 1384 1625 carm
1409 1583 1516 1633 sernpcr
1539 1564 1652 1621 benefici
1670 1576 1731 1618 esse
1753 1561 1879 1625 debeant,
1901 1557 1981 1614 unani

1176 1667 1304 1721 uirtutum
1332 1679 1431 1735 genere
1459 1658 1658 1731 perfectissimi,
1685 1655 1838 1725 nulliusque
1861 1653 1907 1708 irae
1931 1649 1982 1707 rei

1175 1756 1386 1830 perturbationis
1401 1768 1524 1826 capaces,
1541 1751 1641 1821 templa
1657 1751 1746 1806 omnia
1763 1761 1861 1817 magno
1875 1746 1982 1802 ductaret

1138 1848 1162 1908 B
1175 1849 1336 1922 despicatui.
1351 1847 1389 1903 Ea
1406 1860 1522 1916 transque
1534 1843 1598 1899 nulii
1613 1843 1678 1914 ipsis
1691 1840 1750 1897 usui
1771 1854 1832 1896 esse
1853 1847 1978 1910 possunt,

1173 1942 1404 2016 quamtisexignn
1419 1938 1558 1993 hominum
1580 1936 1689 2007 ingenio
1710 1933 1851 1997 htbrieata,
1879 1929 1980 1986 iisdem

1173 2035 1239 2091 solis
1253 2034 1408 2090 hominihus
1422 2028 1686 2102 magnificentissima
1702 2028 1854 2083 rideantur.
1869 2025 1980 2080 Primus

1173 2138 1262 2182 antem
1278 2126 1398 2181 omniurn
1415 2124 1585 2184 Phoroneus.
1611 2120 1653 2176 tel
1678 2119 1800 2189 Merops,
1815 2117 1858 2174 uel
1873 2115 1979 2173 AEncus

1172 2237 1203 2276 ea
1223 2220 1375 2276 :etlilieasse
1390 2217 1558 2290 perbihetur.
1571 2216 1603 2272 At
1618 2213 1785 2286 quantalibet
1799 2212 1979 2280 ntagnilicen·

1173 2315 1208 2370 tin
1221 2324 1282 2385 pust
1294 2313 1351 2367 hac
1361 2319 1517 2367 eortstrttcta
1531 2308 1596 2376 sint,
1617 2307 1680 2378 qnid
1693 2306 1747 2361 diis
1760 2304 1845 2375 magis
1864 2302 1980 2372 iniurio-

1172 2420 1231 2462 suru
1244 2422 1276 2462 ae
1289 2403 1526 2466 contumeliosum,
1543 2414 1624 2470 quam
1640 2408 1743 2455 temere
1754 2410 1910 2453 asseverare
1923 2393 1977 2450 Jo-

1173 2514 1244 2566 rem,
1270 2509 1316 2553 aaut
1339 2498 1420 2552 aliurn
1446 2493 1568 2564 queraris
1582 2494 1663 2550 derttn
1690 2490 1802 2560 templo,
1829 2486 1977 2559 tuguriolo,

1172 2589 1296 2671 conclavi
1309 2597 1336 2645 et
1354 2587 1449 2645 ecihda
1464 2583 1584 2642 includi?

1208 2683 1308 2741 ilerum
1324 2683 1385 2748 diis,
1401 2680 1557 2753 inquiebant
1567 2677 1678 2742 crimini,
1692 2676 1792 2746 templa
1806 2676 1977 2738 extruimus:

1173 2788 1200 2831 nt
1209 2793 1270 2832 erran
1283 2778 1322 2832 eis
1333 2774 1533 2847 quodammodo
1548 2771 1725 2842 praesentibus
1738 2786 1791 2825 non
1808 2783 1902 2840 magna
1914 2767 1979 2825 sinc

1171 2868 1323 2925 reverantia
1334 2862 1531 2934 colloquantur,
1545 2874 1626 2934 atque
1641 2864 1700 2917 illos
1714 2861 1749 2917 dc
1762 2861 1884 2930 proximu
1897 2860 1980 2914 iutro·

1171 2971 1273 3029 caudes,
1290 2961 1323 3015 ah
1337 2960 1402 3030 ipsis
1415 2957 1517 3014 lucilius
1531 2956 1682 3011 audiamur.
1697 2953 1750 3011 Sed
1765 2967 1919 3024 perperam,
1933 2953 1978 3009 ait

1171 3053 1316 3109 druobius.
1327 3051 1423 3107 Omnia
1433 3051 1540 3121 quippe,
1552 3064 1583 3104 ac
1594 3050 1688 3104 caetras
1699 3047 1779 3103 etiarn
1791 3048 1874 3102 artiori
1886 3047 1977 3102 nostri

1171 3148 1348 3213 cogitationes
1370 3162 1449 3202 rerus
1465 3146 1535 3200 ileos
1556 3144 1707 3213 cognoscit,
1723 3151 1818 3198 cuneta
1833 3140 1978 3213 aqualiter

1133 3253 1155 3316 C
1172 3242 1256 3305 audit,
1275 3240 1534 3307 nutritumque
1555 3238 1623 3293 sicut
1635 3237 1885 3308 hrpiterenenaunn
1902 3235 1979 3308 radit

1171 3336 1205 3392 ad
1221 3334 1375 3406 AEthiopas,
1405 3349 1458 3389 rano
1485 3333 1569 3389 verita
1597 3331 1778 3387 intutettsitate
1800 3346 1848 3385 sua
1876 3330 1978 3401 ubique

1172 3443 1293 3499 presens
1304 3436 1355 3491 est,
1372 3441 1459 3495 nerpre
1474 3440 1600 3496 umquam
1613 3425 1673 3479 luco
1687 3432 1819 3478 ntot'etttr.

1209 3519 1266 3574 lluc
1279 3517 1385 3573 accedit
1401 3517 1528 3589 pleraque
1542 3516 1654 3572 deornm
1677 3516 1914 3585 sumptuosissima
1928 3530 1978 3569 an-

1172 3612 1380 3684 gustissimaquc
1404 3609 1503 3681 templa
1524 3608 1590 3664 nibil
1606 3624 1668 3664 esse
1689 3607 1772 3681 allud,
1787 3608 1839 3662 nisi
1852 3608 1977 3678 sepulcra

1173 3716 1352 3761 rarortuornnr.
1366 3703 1442 3760 'laha
1456 3704 1597 3760 errimrero
1611 3702 1761 3774 produntur
1776 3701 1860 3758 inisse
1873 3701 1976 3758 Cecro-

1173 3799 1225 3869 pis,
1240 3798 1349 3864 derisit,
1365 3796 1526 3861 Ericthonii,
1544 3796 1640 3862 ilairn,
1655 3805 1683 3851 ct
1697 3794 1815 3859 lammari,
1831 3795 1904 3852 Celei
1922 3796 1979 3851 uir·

1170 3891 1275 3962 giorum,
1302 3888 1477 3963 iiyperoches
1497 3899 1524 3945 et
1546 3888 1687 3956 Laodices,
1713 3888 1847 3957 clearchi,
1870 3889 1978 3944 Leuco-

1172 3985 1303 4058 phrynes,
1329 3983 1477 4050 ieamessi,
1501 3982 1619 4056 epatre.
1635 3983 1789 4040 stallorum
1804 3998 1884 4054 quant
1913 3984 1979 4052 plu·

1172 4080 1241 4134 rium
1263 4088 1436 4133 monumenta
1450 4092 1482 4133 ac
1495 4076 1663 4149 polyandria.
1682 4076 1801 4147 [lenique
1812 4074 1976 4147 Capitulium

1171 4172 1402 4229 abiurentoi'oli
1417 4174 1506 4244 capite
1532 4186 1631 4227 unomen
1658 4170 1773 4241 aceepit.
1797 4176 1884 4238 dtrptre
1910 4171 1976 4226 inde

1172 4265 1424 4323 eonheitdrnohius
1435 4267 1487 4321 diis
1501 4264 1613 4332 trustra,
1625 4280 1658 4321 ac
1671 4274 1764 4321 cotnra
1776 4279 1869 4321 eorum
1878 4263 1976 4331 deeras,

1173 4362 1273 4431 templa
1286 4360 1421 4417 fabricari.

1208 4453 1321 4510 Colcndi
1345 4469 1409 4510 sero
1424 4467 1516 4509 corant
1541 4453 1685 4509 simulacra
1700 4467 1754 4508 non
1777 4453 1868 4523 potior
1881 4452 1978 4522 ntique

1173 4554 1215 4600 cst
1229 4545 1307 4600 ratio.
1322 4544 1361 4600 iiii
1377 4544 1475 4615 qnippe
1489 4545 1511 4599 si
1529 4544 1555 4597 in
1567 4543 1637 4600 ccelo
1653 4544 1784 4613 habitant,
1808 4542 1841 4599 ad
1856 4558 1904 4599 cos
1918 4560 1975 4603 non

1133 4637 1206 4722 Ded
1219 4639 1326 4694 illorum
1338 4638 1480 4694 simulacra
1495 4637 1637 4694 irrndeudn
1647 4650 1710 4693 suru
1725 4653 1830 4706 preces.
1842 4637 1871 4693 Si
1881 4649 1974 4694 enatent

1172 4731 1234 4788 iilos
1249 4731 1284 4786 ibi
1298 4730 1418 4787 hahitare
1432 4730 1543 4785 dubltnn
1558 4731 1605 4793 sit,
1623 4729 1721 4785 trustra
1737 4729 1776 4786 rei
1792 4730 1880 4784 dubim,
1893 4731 1978 4784 simu·

1172 4826 1275 4883 lacrum
1293 4827 1410 4897 tingitur.
1429 4825 1562 4881 Praeterea
1588 4825 1633 4895 qui
1657 4824 1723 4879 dens
1736 4837 1797 4879 esse
1818 4823 1914 4888 credit,
1931 4822 1978 4878 bie

1172 4919 1205 4974 ad
1222 4919 1400 4976 etlrihcndaut
1414 4919 1520 4974 lliurunt
1542 4915 1714 4989 presentiam
1734 4916 1884 4972 simulacris
1906 4930 1977 4988 opus

1174 5009 1329 5066 nonhabet.

1211 5102 1279 5159 Tum
1300 5102 1432 5157 lrrrohius
1453 5102 1485 5155 iis
1507 5100 1635 5164 «recurrit,
1659 5099 1704 5172 qui
1728 5099 1919 5156 asseverabant
1945 5115 1977 5157 se

1174 5210 1223 5268 per
1236 5196 1379 5250 sintulaera
1388 5194 1452 5248 dens
1467 5195 1558 5249 coiere
1570 5208 1602 5249 ac
1616 5193 1730 5264 precari.
1739 5192 1890 5263 Numquam
1901 5192 1976 5248 euim

1174 5303 1234 5353 ens,
1250 5287 1272 5342 si
1288 5301 1331 5342 res
1346 5287 1382 5340 ita
1396 5285 1441 5353 sit,
1457 5297 1663 5349 venerarentur,
1687 5285 1710 5339 si
1732 5284 1804 5339 naalia
1820 5294 1912 5341 essern
1924 5283 1977 5339 hu-

1171 5380 1290 5454 jusmodi
1303 5379 1457 5435 simulacra.
1475 5378 1544 5449 Quid
1558 5380 1638 5435 ctiam
1650 5378 1803 5443 absurdius,
1818 5393 1897 5450 quatu
1911 5393 1975 5433 curn

1174 5474 1227 5530 diis
1242 5474 1309 5544 ipsis
1322 5473 1388 5539 suis,
1406 5473 1444 5526 uti
1460 5473 1591 5543 putabant
1614 5470 1726 5531 ethnici,
1743 5470 1894 5543 supplicare
1910 5484 1974 5539 pos·

1174 5573 1245 5636 sent,
1260 5565 1320 5619 iiius
1335 5573 1529 5635 permortuam
1545 5562 1672 5632 eligium.
1690 5572 1815 5632 tanquam
1848 5576 1878 5617 er
1889 5561 1976 5631 quod·

1174 5657 1235 5712 tiam
1252 5656 1313 5711 lidei
1337 5656 1512 5712 cottrrnissutn
1526 5655 1627 5726 ailquid
1642 5655 1754 5727 rugare?
1767 5577 1847 5722 (inidl
1860 5667 1976 5724 ruantque

1175 5746 1240 5807 illud
1255 5760 1306 5814 est,
1323 5749 1373 5806 uisi
1388 5748 1470 5804 ileum
1484 5748 1594 5804 alterum
1607 5750 1681 5815 seire,
1706 5758 1733 5805 et
1747 5746 1862 5823 elligiem
1876 5747 1975 5809 deute·

1167 5828 1230 5899 vcari
1245 5841 1318 5901 ortatui
1333 5856 1415 5900 sensu
1429 5846 1586 5901 carentena?
