4150 6250
292 232 326 313 ai
679 334 689 349 .
788 238 977 309 ιοιιιιιιι
995 234 1223 322 ntssanrttrto
1243 239 1454 315 crentttrtct
1909 239 1958 323 voe

292 383 387 441 carere
415 368 461 443 qui
490 366 672 426 conditionem
693 366 728 422 de
752 365 823 423 laeto
843 383 898 423 non
922 363 1091 439 praebunt,
1106 363 1131 425 Α
1145 363 1206 437 bola
1219 364 1374 437 sponsoria‚
1385 365 1472 437 ipsunt
1481 359 1626 441 practerea,
1638 369 1789 438 promultto
1798 364 1957 438 paenitus,

294 479 465 547 quocumque
481 461 589 539 tandem
612 477 702 517 rernm
718 470 817 516 euentu
841 458 922 515 itterit
938 458 1093 529 impeditus,

295 566 337 629 est
363 558 474 628 omniuo
495 554 685 627 certissimum.
707 552 736 607 ln
765 552 817 608 illis
843 551 993 627 prasertim
1009 549 1095 622 pactis

295 647 383 704 adbuc
396 647 513 722 ualidius
526 644 651 725 procedit
663 652 852 719 argumentum
867 658 984 717 quorum
997 641 1094 713 condi·

296 745 384 815 tiones
404 757 457 815 non
481 748 545 796 sont
558 739 730 813 conditiones
749 736 891 809 dumtaxat
906 737 939 793 ad
954 736 1094 808 arbitrium

295 837 456 909 imponentis
466 834 613 906 requisitae,
623 832 670 907 sed
681 833 761 907 etiam
772 831 964 903 dispositiones
973 846 1007 886 er
1019 838 1096 913 parte

296 927 409 1000 snby'ecti
425 927 599 997 necessarie.
615 924 683 981 Cum
699 925 789 998 itaque
810 924 913 998 nullum
929 922 1008 994 lruy'us
1022 922 1095 993 pacti

295 1021 429 1095 redundet
444 1021 472 1093 in
494 1022 578 1079 Deum
591 1018 766 1088 beneficium,
782 1018 904 1091 sequitur
919 1032 1095 1091 quecumque

298 1117 369 1174 Deus
381 1132 396 1189 ι
410 1116 488 1172 nobis
503 1116 634 1203 postulat,
648 1129 680 1171 ea
697 1113 784 1171 nostri
795 1127 858 1171 esse
870 1125 951 1168 eausa
965 1125 1095 1167 necessa-

296 1211 346 1279 ria,
362 1218 392 1267 ιιι
415 1208 532 1281 proinde
548 1210 574 1264 ni
595 1206 730 1282 pustulata
755 1215 929 1279 praestemus,
951 1205 1018 1275 ipsis
1031 1217 1095 1277 pro-

295 1304 452 1360 missionem
463 1302 603 1361 benefieiis
621 1300 776 1361 obtinendis
795 1300 881 1372 inepti
894 1299 1042 1357 reddamur
1055 1309 1097 1361 at·

296 1411 348 1473 que
363 1395 527 1466 indispositi.

332 1487 545 1563 gbl-Quarto
557 1486 648 1559 itaque
658 1494 687 1553 ιι
697 1485 880 1563 intelligamus
894 1501 954 1561 que
967 1483 1045 1555 nobis
1059 1485 1097 1541 in·

296 1583 425 1641 cumbam
438 1582 464 1639 in
479 1581 531 1638 ltoe
545 1581 696 1655 baptismali
713 1590 790 1653 pacto
805 1579 1001 1636 conditionesa
1018 1578 1096 1639 nobit

296 1692 346 1751 pro
359 1685 451 1743 npstra
466 1676 536 1747 pacti
556 1684 634 1747 parte
657 1671 831 1746 praestandae,
846 1670 1041 1729 attendendum
1055 1679 1095 1728 est

1147 455 1181 511 ad
1196 457 1349 529 praestanda
1363 473 1395 512 ea
1410 472 1470 528 que
1489 457 1620 530 symbolis
1635 468 1871 531 repraesentantur
1883 458 1958 513 obli·

1145 550 1247 623 gamin,
1262 564 1292 607 se
1302 565 1410 625 quoque
1424 559 1532 615 nostras
1558 550 1697 621 passiones
1711 566 1760 622 pro
1774 551 1834 611 suis
1847 550 1957 625 agnitu·

1147 655 1218 711 rum,
1233 651 1260 696 et
1276 657 1326 698 suo
1340 642 1448 710 merito,
1463 656 1512 697 sua
1536 642 1662 701 mercede
1677 651 1936 716 compensaturum.

1184 733 1198 806 ι
1214 734 1260 789 96.
1277 766 1312 775 -
1328 735 1361 790 Et
1373 751 1438 791 vero
1451 735 1663 805 aeeumtissirne,
1675 751 1725 807 pro
1739 737 1850 803 Domini
1866 733 1961 811 nostr’y

1149 836 1242 883 mente
1253 837 1333 899 atque
1347 825 1488 900 principiis
1496 838 1653 901 conceptam
1663 827 1732 889 benc
1744 844 1858 891 omnent
1870 827 1959 907 luisse

1147 924 1412 995 argumentationem
1427 923 1505 981 lucile
1518 924 1656 983 constabit
1668 926 1691 983 si
1706 926 1817 985 diuersa
1829 925 1959 1003 diuersa·

1147 1030 1207 1075 rom
1230 1016 1432 1088 Scripturarum
1444 1027 1549 1075 asserta
1560 1017 1585 1075 in
1602 1032 1684 1073 uuurn
1698 1019 1864 1092 colligamus
1876 1017 1959 1103 quart

1147 1107 1316 1171 fasciculum.
1331 1108 1531 1180 Repraeserrtnri
1560 1110 1683 1182 inprimis
1697 1122 1820 1169 nostram
1844 1114 1874 1168 in
1889 1113 1959 1182 bap-

1148 1200 1228 1256 tismo
1241 1216 1303 1257 eunt
1317 1199 1426 1257 Christo
1441 1203 1593 1275 passionem
1606 1213 1687 1276 atque
1699 1215 1830 1275 mortem,
1844 1220 1900 1265 nee
1911 1220 1959 1262 re·

1147 1293 1593 1367 praesentarimodo‚rcrumetiam
1603 1297 1959 1375 itareprpsentari‚uteum

1147 1382 1247 1440 Christi
1263 1385 1389 1459 passione
1402 1396 1509 1443 nostras
1525 1390 1601 1445 uniat
1622 1390 1822 1462 quodammodo
1836 1401 1865 1451 et
1879 1407 1960 1459 com-

1147 1492 1243 1534 munes
1257 1480 1396 1555 utriusque
1411 1480 1502 1549 iaciat,
1514 1492 1591 1539 serto
1604 1482 1637 1539 ad
1652 1485 1789 1543 Romanos
1802 1487 1898 1563 capite
1908 1501 1959 1543 sa·

1149 1570 1183 1627 tis
1194 1581 1288 1644 aperte
1298 1571 1378 1643 docet
1392 1574 1546 1645 ¹lpostolns.
1562 1576 1649 1635 Unam
1660 1593 1721 1647 esse
1731 1590 1857 1641 nostram
1872 1580 1959 1638 Chri·

1149 1667 1239 1739 stique
1252 1670 1406 1741 passionem
1420 1685 1453 1729 ιι
1470 1670 1522 1733 illis
1532 1671 1590 1741 ejus
1602 1673 1694 1733 uerbis
1705 1683 1814 1745 constat
1830 1690 1837 1729 ι
1855 1674 1959 1745 llortur'

296 1784 357 1841 qum
371 1768 493 1845 symbola
520 1766 574 1833 sint
588 1781 603 1822 a
617 1765 695 1832 nobis
723 1765 749 1821 iu
764 1766 830 1837 ipsis
845 1765 915 1839 pacti
931 1762 1098 1831 solemnibus
1112 1764 1137 1827 B
1150 1778 1239 1821 eunius
1254 1780 1311 1819 curn
1339 1764 1451 1831 Cirristo,
1466 1781 1492 1823 r.
1510 1765 1543 1834 8;
1564 1765 1641 1826 Vetus
1664 1769 1739 1826 borno
1765 1779 1855 1829 nomer
1876 1768 1960 1826 simul

296 1858 461 1943 adhibenda,
473 1868 500 1914 et
512 1857 575 1931 quid
587 1856 631 1912 illa
643 1856 776 1930 synbntr,
788 1872 821 1915 ιι
838 1858 897 1928 ipso
914 1856 959 1931 Dei
973 1856 1096 1919 instituto

297 1952 458 2029 significant,
474 1962 502 2009 et
516 1966 565 2029 pro
579 1950 683 2023 legibus
706 1949 914 2022 significationis
938 1948 1097 2023 symbolice

296 2065 356 2123 qum
371 2048 417 2109 illa
441 2046 536 2111 saltent
563 2055 643 2117 aetate
656 2044 792 2117 rigebant.
808 2043 873 2115 Qum
887 2045 959 2105 eninr
972 2044 1096 2114 symbola

233 2208 236 2216 Α
297 2138 323 2199 iu
340 2139 412 2212 pacti
427 2138 597 2207 solemnibqs
610 2149 776 2213 usurpantur
790 2152 823 2197 ea
846 2154 900 2201 non
926 2138 1096 2211 significandi

298 2233 438 2288 dumtaxat
452 2250 459 2297 ;
476 2232 524 2287 sed
538 2231 675 2303 obligandi
697 2233 779 2293 etiam
790 2235 875 2307 gratia
890 2233 1010 2305 instituta
1022 2242 1096 2293 sunt.

297 2325 332 2382 Ut
347 2327 420 2382 enim
434 2335 607 2393 sacramenta
617 2326 718 2393 omnia,
728 2328 786 2387 siue
799 2327 938 2399 mysteria,
953 2328 1097 2399 prosacris

296 2414 435 2491 hominum
446 2433 506 2488 eum
523 2418 674 2493 Deopaetis
694 2416 871 2491 intelligenda
884 2424 967 2491 sunt,
983 2419 1019 2473 ita
1032 2416 1096 2474 etid

296 2512 365 2583 sacri
381 2510 470 2581 omnis
490 2511 645 2585 commercii
660 2510 806 2583 genuinum
831 2519 874 2567 est
894 2517 924 2566 ut
944 2510 1097 2585 symbolice

296 2604 482 2679 potiusquam
499 2600 532 2656 ad
559 2601 697 2669 litteram,
719 2599 893 2673 intelligenda
917 2601 981 2670 sint,
996 2615 1047 2656 nee
1060 2601 1096 2663 ita

296 2694 398 2771 verbis,
414 2709 493 2769 qnam
510 2693 603 2763 rebus,
620 2709 711 2763 rerum
725 2701 813 2765 tamen
825 2692 939 2771 aliarum
952 2692 1095 2767 symbolis,

297 2787 385 2843 olttcia
400 2787 445 2844 illa
459 2795 691 2861 repraesententur
700 2802 759 2857 que
770 2788 886 2859 partium
898 2787 968 2842 inter
979 2801 1010 2844 se
1019 2798 1096 2857 trau·

296 2881 439 2959 sigemjum
454 2871 586 2939 habentur
598 2879 769 2953 obligatoria.
783 2880 850 2949 Qum
862 2881 953 2950 itaque
966 2878 1097 2954 symbolis

296 2972 1097 3049 baptismalibussignifieautnreanosspondereanobisde·

296 3066 358 3123 iude
371 3066 523 3142 prestanda
533 3063 632 3119 virtute
639 3065 709 3138 pacti
718 3062 887 3135 baptismalis
898 3064 1094 3144 existimamur,

1148 1855 1288 1926 eranistem
1300 1869 1349 1928 cst,
1370 1873 1397 1913 u.
1415 1858 1443 1915 ii.
1459 1856 1609 1937 Consepulti
1634 1876 1722 1926 sunaus
1745 1879 1804 1919 curn
1827 1879 1871 1933 eo,
1887 1861 1958 1919 tul.

1149 1948 1183 2007 Et
1195 1950 1303 2020 quidem
1320 1954 1562 2027 repraesentatione
1574 1952 1690 2027 quadam
1704 1955 1738 2011 ad
1760 1956 1854 2019 uirum
1869 1964 1959 2013 totam

1149 2043 1220 2100 itane
1231 2045 1342 2118 transigi
1360 2047 1489 2107 unionem
1504 2048 1550 2104 illa
1562 2049 1660 2121 innunt
1671 2068 1678 2105 :
1690 2046 1871 2127 Complontuli
1891 2050 1960 2125 faeti

1148 2153 1235 2211 nirnqs
1260 2139 1422 2209 sitirilituur'ni
1436 2142 1525 2199 inertie
1548 2143 1615 2214 ejus,
1635 2158 1663 2198 v.
1678 2144 1705 2200 5.
1719 2143 1776 2202 Nec
1799 2143 1856 2215 alio
1870 2159 1959 2218 quant

1149 2228 1275 2299 baptismi
1290 2229 1382 2297 officio
1398 2248 1405 2287 :
1420 2232 1461 2303 An
1485 2232 1610 2304 ignoratis
1624 2236 1684 2307 quia
1696 2236 1851 2311 quicumque
1866 2238 1959 2309 bapti·

1148 2321 1200 2387 euri
1214 2337 1302 2379 runnu
1314 2322 1340 2374 in
1356 2321 1545 2391 caristolum,
1559 2326 1586 2391 in
1608 2336 1690 2385 ntorle
1715 2327 1797 2399 ipsius
1825 2327 1960 2400 baptizati

1148 2415 1256 2470 suanus?
1265 2414 1412 2487 Consepulti
1423 2417 1492 2473 eninr
1506 2435 1595 2495 sumtu
1607 2436 1665 2475 euna
1679 2421 1724 2476 illo
1734 2438 1781 2494 per
1794 2422 1958 2494 duplicarunt

1148 2504 1176 2559 in
1198 2515 1314 2574 nortem,
1329 2523 1356 2561 r.
1372 2509 1398 2571 5,
1413 2509 1441 2565 l.
1464 2508 1557 2582 Neque
1582 2526 1647 2569 uero
1671 2514 1736 2570 unio
1749 2513 1808 2575 sola
1823 2525 1852 2573 et
1877 2530 1957 2574 mera

1149 2598 1210 2669 que
1224 2597 1349 2654 trabenda
1370 2608 1422 2681 cst,
1436 2609 1536 2672 etque
1557 2612 1611 2661 tota
1625 2604 1651 2659 in
1665 2605 1805 2665 bominum
1816 2610 1956 2683 imagina-

1149 2694 1222 2750 tione
1237 2701 1316 2767 atque
1330 2695 1510 2755 aestimatione
1531 2698 1676 2769 constituta
1691 2708 1743 2757 est.
1755 2701 1822 2759 Enna
1833 2702 1956 2775 diximus

1148 2788 1261 2861 symboli
1275 2788 1411 2865 sponsorii
1431 2805 1493 2847 esse
1506 2799 1631 2847 naturam
1647 2802 1676 2859 ut
1691 2808 1743 2851 una
1760 2793 1861 2853 inierat
1875 2797 1955 2868 lega·

1147 2878 1200 2935 lent
1214 2879 1358 2951 quamdam
1370 2880 1566 2954 obligationem
1589 2899 1642 2957 qua
1658 2894 1750 2957 partes
1771 2887 1845 2953 inter
1857 2903 1889 2946 se
1903 2903 1955 2961 pa-

1148 2970 1282 3043 ciscentes
1293 2980 1424 3044 prestare
1439 2971 1466 3029 id
1483 2983 1609 3030 tenentur
1619 2976 1691 3048 quod
1705 2980 1838 3052 symbolis
1849 2998 1955 3055 reprae-

1149 3065 1294 3124 sentarint.
1309 3063 1375 3138 lade
1389 3066 1418 3121 dt
1431 3076 1471 3135 ut,
1485 3069 1556 3139 quod
1568 3070 1625 3127 sola
1637 3071 1811 3148 similitudine
1821 3077 1885 3133 lieri
1899 3092 1957 3136 nott

296 3175 350 3216 ιιι
365 3159 443 3232 nobis
457 3158 578 3232 praestita
588 3157 634 3238 jus
649 3157 711 3213 inde
723 3156 800 3212 nobis
813 3156 913 3213 laeiunt
927 3168 954 3213 ut
964 3160 1094 3230 promissa
1109 3160 1132 3223 (ζ
1149 3159 1245 3232 potuit,
1262 3158 1339 3226 nobis
1352 3169 1442 3236 tamen
1455 3176 1490 3216 cx
1512 3160 1564 3220 hac
1577 3163 1634 3236 ipsa
1647 3167 1891 3242 representatione
1909 3169 1957 3242 jur

296 3252 386 3308 diuina
411 3250 535 3324 ¹ejusdem
548 3248 623 3326 pacti
637 3248 788 3324 evangelici
802 3249 902 3308 virtute
917 3249 1094 3320 vindicemus.
1109 3287 1115 3295 -

294 3369 301 3416 ι
333 3343 348 3418 ι
363 3341 410 3420 ιι.
422 3342 568 3413 —Quintu
581 3342 608 3400 in
623 3341 752 3416 symbolis
763 3340 889 3420 baptismi
906 3342 991 3398 nostri
1005 3333 1114 3412 sacra?

296 3428 422 3484 mentalis
433 3426 613 3492 solemnibus,
629 3441 682 3484 nou
696 3441 774 3499 aqum
786 3428 871 3483 solius
884 3427 1033 3498 baptismus
1046 3427 1096 3482 dc·

296 3529 415 3588 notatur,
428 3519 477 3577 sed
493 3522 575 3577 etiam
591 3519 636 3575 ille
650 3520 801 3594 sanguinis,
825 3535 919 3575 rerum
936 3522 971 3574 ita
984 3519 1095 3598 denote·

295 3595 1097 3689 ‚turutunoeodemquesymbolo,nnoeodemquedeuotc-

298 3721 342 3767 tttr
356 3710 502 3778 elemento,
516 3716 545 3763 ut
558 3707 672 3784 proinde
684 3706 719 3763 ad
733 3723 826 3776 unum,
835 3716 865 3764 ιιι
876 3707 1006 3774 diximus,
1017 3724 1095 3776 cuut-

295 3802 413 3888 dcmque
427 3801 590 3874 baptismum
605 3802 740 3878 pertinere
755 3800 949 3873 intelligantur.
963 3801 999 3859 ttc
1011 3803 1095 3882 eninr,

294 3913 357 3954 cum
369 3913 453 3984 equa,
465 3895 620 3970 adhibetur,
645 3903 817 3970 peccatorum
841 3894 1024 3951 desertionem
1039 3894 1097 3966 pol·

297 3989 422 4054 liceum,
434 3985 607 4058 laturumque
620 3986 684 4041 ritae
694 3985 969 4057 sanctimoniamque
983 3995 1097 4042 externo

294 4095 373 4156 aquae
396 4079 521 4154 symbolo
540 4078 605 4133 satis
620 4086 683 4149 apte
701 4085 929 4149 representatur:
944 4077 980 4132 ita
991 4094 1053 4134 eum
1068 4078 1097 4133 in

295 4187 392 4250 prquam
403 4169 593 4228 descendimus
604 4169 758 4226 etnicissim
772 4185 805 4225 etr
818 4170 912 4226 eadem
921 4172 1095 4244 entergimus,

295 4259 395 4320 t‘tntsu
420 4270 549 4330 mortem,
565 4260 732 4333 sepulturam
755 4263 1038 4333 resurrectionemque
1050 4280 1097 4320 rc·

294 4364 501 4430 presentamus,
516 4370 619 4427 nosque
633 4354 714 4411 etiam
739 4355 903 4427 spondemus
921 4355 1017 4412 lterum
1034 4373 1093 4436 om-

296 4453 369 4506 nium
383 4450 539 4524 participes,
552 4456 660 4520 paratos
675 4449 802 4505 nimirum
819 4460 847 4505 ut
862 4466 1038 4523 quacumque
1052 4451 1097 4507 ille

1148 3250 1283 3328 quoddam
1311 3253 1345 3308 ad
1370 3270 1428 3310 rem
1452 3255 1538 3337 ipsam
1562 3260 1797 3334 proventumque
1821 3266 1956 3338 unionem

1148 3346 1234 3417 ipsam
1260 3347 1392 3403 internam
1418 3356 1447 3404 ct
1474 3339 1614 3432 mysticam
1636 3354 1953 3432 uindicarepossuntus,

1147 3440 1259 3512 ejusque
1274 3441 1416 3498 beneficia.
1431 3442 1471 3497 Eo
1495 3443 1554 3513 ipso
1570 3446 1701 3524 principio
1716 3450 1840 3524 nituntur
1864 3452 1893 3509 id
1907 3468 1955 3524 ge·

1148 3549 1198 3588 nus
1214 3534 1353 3612 ratiocinia
1370 3550 1377 3588 ε
1394 3534 1425 3591 Si
1433 3536 1500 3603 enirn
1513 3537 1683 3616 eonrplqntuti
1695 3543 1759 3613 sceti
1772 3559 1864 3608 sumus
1876 3546 1953 3601 sinri-

1149 3626 1251 3680 litudini
1278 3627 1368 3682 ntortis
1382 3628 1460 3698 ey'ur,·
1483 3629 1560 3696 simul
1588 3639 1611 3685 et
1637 3636 1831 3710 resurrectionis
1856 3638 1953 3696 erirnur

1148 3734 1173 3773 tt.
1190 3721 1207 3775 5
1222 3735 1230 3787 ;
1245 3721 1268 3774 ri
1285 3731 1370 3786 autent
1385 3723 1479 3777 urortui
1501 3740 1590 3790 arsurus
1612 3741 1671 3792 curn
1691 3725 1804 3796 Curicta,
1819 3731 1951 3790 credimus

1147 3812 1207 3888 quio
1221 3813 1297 3880 simul
1308 3815 1384 3869 etium
1399 3822 1511 3872 uitentur
1521 3834 1579 3874 crint
1590 3817 1704 3888 cbristo,
1716 3838 1743 3881 r.
1760 3822 1787 3879 6.
1803 3823 1861 3892 Nec
1875 3826 1951 3882 enim

1148 3905 1182 3962 de
1193 3905 1246 3962 alia
1260 3917 1347 3962 morte
1362 3908 1405 3964 bic
1416 3909 1459 3981 agi
1479 3926 1560 3982 quarn
1576 3914 1663 3985 typica
1679 3914 1729 3971 lrae
1744 3925 1824 3988 atque
1835 3917 1951 3990 symbu-

1149 3999 1199 4057 liea
1227 4000 1254 4056 in
1279 4002 1415 4072 baptismo
1438 4017 1631 4075 representare
1644 4009 1700 4081 y'aur
1715 4011 1897 4069 ostendimus.
1909 4012 1948 4072 Ει

1149 4101 1236 4147 morte
1259 4094 1408 4168 symbolica
1423 4098 1565 4158 coristabat
1576 4101 1631 4172 jam
1644 4101 1787 4162 defunctos
1805 4121 1868 4164 esse
1879 4103 1950 4177 apud

1148 4200 1216 4258 qnos
1227 4186 1263 4241 ita
1274 4199 1478 4260 argumentatur
1489 4194 1637 4265 Apostolus
1649 4197 1695 4267 qui
1710 4198 1806 4254 mortis
1819 4199 1949 4270 nimirum

1148 4279 1279 4347 symbolis
1291 4280 1319 4335 itt
1344 4280 1479 4354 baptismo
1505 4286 1546 4340 usi
1571 4273 1687 4344 iurarunt.
1703 4287 1767 4345 lude
1781 4298 1949 4362 tamquame

1149 4371 1281 4445 principio
1295 4375 1402 4431 notorio
1420 4377 1539 4449 legitima
1563 4380 1727 4452 procedebat
1749 4383 1949 4458 argumentatio

1149 4464 1172 4519 si
1183 4474 1211 4520 et
1222 4464 1287 4521 illud
1301 4466 1535 4541 subintelligamus
1546 4473 1681 4546 symbola
1676 4481 1745 4531 mter
1757 4475 1948 4548 paciscendum

292 4542 393 4600 uobis
386 4544 542 4612 immiserit,
552 4558 583 4599 ea
595 4558 657 4606 nos,
667 4541 868 4600 illiuscausartd
882 4556 996 4601 mortem
1012 4556 1136 4619 usquel)
1150 4569 1276 4628 usurpata
1291 4574 1352 4616 esse
1375 4561 1455 4616 etiarn
1471 4573 1500 4619 ιι
1518 4563 1578 4636 ipsa
1600 4569 1752 4638 sponsorio.
1773 4569 1829 4628 Nec
1841 4569 1903 4639 alia,
1920 4575 1950 4624 ιιι

296 4637 469 4693 toleraturos.
483 4635 588 4693 Eodem
603 4634 739 4708 symbolo,
754 4652 805 4706 qna
824 4635 962 4693 Cbristunt
973 4641 1093 4709 respicit,

294 4730 472 4805 intelligimus
483 4728 622 4785 Cluisturrt
637 4729 689 4785 sibi
705 4730 846 4801 passiones
860 4742 966 4788 nostras
979 4734 1096 4804 imputa·

295 4833 395 4890 turum,
404 4833 432 4878 et
445 4837 527 4894 quam
541 4820 696 4877 mercedem
711 4821 798 4892 ipsea
814 4821 904 4890 Patre,
914 4837 962 4893 pro
971 4837 1022 4879 suo
1033 4839 1094 4880 cum

294 4919 374 4975 Patre
394 4915 497 4974 loedere
510 4915 639 4983 uindicat,
654 4915 748 4973 cadem
770 4926 877 4973 nostras
899 4931 1006 4990 quoque
1033 4933 1096 4989 pas·

293 5012 387 5069 sioncs
399 5024 462 5067 esse
480 5018 728 5066 remuneraturum.
746 5007 782 5064 lta
809 5005 944 5065 constabit
969 5025 1022 5082 qno
1033 5012 1095 5082 y'ure

292 5103 343 5172 sibi
370 5102 498 5178 baptismi
521 5116 620 5157 nomeu
647 5099 784 5157 vindicent
808 5111 909 5158 nostre
933 5103 1072 5173 passiones

292 5216 354 5256 curn
370 5196 503 5270 adipsum
522 5196 649 5268 baptismi
665 5197 869 5253 sacramentalis
882 5197 1013 5254 rationem
1029 5187 1093 5269 spess

292 5287 626 5348 ctenteonsnmmandam.
635 5285 863 5350 Constabitetinm
876 5305 930 5359 qno
941 5304 1023 5362 porro
1034 5289 1094 5360 jure

292 5385 415 5457 ejusdem
432 5383 482 5439 sibi
509 5379 649 5437 uindicem
665 5380 791 5452 baptismi
807 5380 949 5450 benclicia,
963 5371 1094 5440 cumillis

292 5477 374 5534 etiam
401 5474 532 5547 symbolis
549 5481 780 5544 repraesententur
792 5489 853 5546 quac
869 5489 883 5530 a
898 5474 955 5532 beo
970 5476 1093 5552 instituta

292 5578 366 5634 sunu,
383 5577 410 5625 et
423 5583 483 5664 quac
496 5568 572 5632 boe'
566 5581 626 5640 tpso
639 5567 754 5625 consilio
766 5569 888 5625 instituta
904 5579 967 5626 sunt
981 5579 1011 5627 ut
1031 5585 1093 5642 pas·

291 5665 383 5740 sioues
395 5669 502 5724 nostrus
511 5669 709 5732 representem
721 5670 802 5748 atque
809 5663 976 5762 spondeam,
990 5675 1019 5722 et
1031 5679 1093 5754 qum

291 5757 338 5818 Dei
363 5753 446 5815 etiam
470 5752 610 5832 nobiseum
624 5755 697 5834 pacis
685 5755 787 5822 secutis
814 5745 998 5832 suntquoq'ue
1019 5772 1093 5834 sym·

1147 4651 1274 4707 existimo
1277 4651 1442 4726 ,lrypotbesi
1463 4654 1528 4713 illud
1543 4659 1728 4718 nitituretiam
1744 4661 1865 4734 ejusdem
1876 4665 1950 4732 Apo·

1147 4744 1220 4811 stoli,
1236 4746 1291 4802 alio
1305 4756 1392 4804 tamen
1416 4748 1444 4802 in
1460 4750 1520 4807 loco
1534 4753 1703 4809 ratiocinium
1717 4770 1724 4808 ι
1738 4752 1834 4830 lpitur‚
1848 4756 1870 4811 si
1886 4770 1949 4810 con·

1147 4838 1304 4908 surrexistis,
1318 4840 1416 4912 inquit,
1428 4858 1485 4896 cunr
1498 4842 1611 4912 cbristo,
1625 4860 1683 4916 quic
1692 4862 1793 4901 rursum
1805 4854 1863 4906 aunt
1877 4859 1948 4916 que·

1147 4929 1204 4998 rite,
1220 4939 1273 4987 ιιι.
1287 4928 1356 5002 (Col.
1370 4948 1409 4999 tu,
1427 4934 1465 5005 l).
1479 4932 1637 5005 Mortificate
1651 4952 1711 5010 ergo
1723 4940 1836 4994 nientbru
1849 4945 1942 5002 oestro,

1147 5031 1199 5078 ete.
1216 5023 1253 5098 (r.
1266 5023 1306 5098 5).
1317 5024 1394 5092 Quod
1407 5026 1531 5097 tttosjarn
1544 5029 1896 5101 supponatconsurrecisse,
1909 5026 1944 5086 atl

1084 5147 1093 5175 ‚
1146 5112 1212 5170 illud
1225 5116 1320 5172 reterri
1337 5131 1390 5173 non
1416 5128 1506 5190 potest
1521 5135 1600 5191 quarn
1620 5119 1653 5175 ad
1670 5120 1848 5190 emersionem
1871 5121 1946 5196 illam

1147 5224 1181 5264 ιιι
1209 5224 1278 5281 aqua
1291 5209 1443 5282 baptismali
1459 5229 1519 5284 quae
1543 5213 1750 5284 resurrectionis
1764 5227 1823 5272 erat
1834 5217 1945 5290 symbu-

1147 5302 1216 5371 lum,
1232 5311 1262 5358 ut
1276 5303 1404 5386 nimirum
1420 5305 1521 5361 lorensi
1536 5318 1675 5390 pactorpm
1685 5308 1814 5392 iqlipmate
1828 5319 1892 5368 tunc
1902 5324 1945 5380 rc,-
2002 5351 2007 5374 .

1145 5395 1298 5478 surrexisse
1324 5397 1545 5476 eristimarcntur
1559 5415 1622 5457 curn
1638 5414 1803 5473 usurparent
1825 5416 1944 5488 resurre-

1145 5465 1243 5542 ebionis
1266 5488 1430 5561 symbolum.
1448 5489 1514 5546 Inde
1528 5503 1601 5549 reete
1626 5493 1730 5568 colligit
1744 5495 1943 5568 colossensium

1145 5575 1246 5647 olbcia,
1262 5595 1294 5636 ea
1308 5581 1389 5638 modo
1409 5594 1595 5654 supponantur
1616 5602 1677 5660 que
1697 5585 1754 5662 y‘arq
1779 5587 1942 5646 ostendimus

1145 5673 1299 5730 necesstrio
1313 5689 1375 5732 esse
1399 5677 1585 5752 supponenda
1602 5680 1669 5738 Cum
1694 5683 1765 5740 enim
1788 5665 1883 5739 mortis
1897 5680 1942 5739 illo

1144 5764 1299 5841 symbolo,
1291 5768 1466 5827 immersione
1488 5770 1627 5888 nimirum,
1639 5773 1805 5854 sponderent
1816 5789 1846 5835 se
1859 5788 1941 5834 mem
