4150 6250
257 306 312 362 tes

824 290 964 358 auuunu
979 286 1163 358 anteusus
1180 296 1318 355 sunaus

1849 290 1904 348 uas

259 420 353 475 curius
368 418 444 473 robis
459 417 548 487 pluit?
559 414 745 486 AEsculapius,
759 410 900 481 seientes,
916 420 961 470 ant
972 414 1056 473 diana
1069 427 1097 487 Α
1108 414 1193 472 niiual
1207 410 1437 486 circitmscriptio,
1449 398 1585 486 qttaiitaiis
1598 426 1714 485 expers,
1729 410 1900 484 quantitatis,

258 511 391 566 rationem
415 508 562 575 irubrium,
588 516 830 580 tempestatumque
845 506 999 564 boimunt?
1021 507 1057 563 Et

260 604 315 659 boc
335 601 393 658 lieri
408 601 453 673 qui
469 611 572 673 potest,
588 612 650 657 cuin
664 604 691 657 iu
704 600 804 657 mundo
816 600 996 673 proliteautiui
1007 606 1055 657 eos

258 707 339 753 natos
352 705 483 766 certoque
497 706 619 767 ternpore
640 710 749 752 sensum
765 697 911 766 arripuisse
925 696 1056 752 vitalem?

259 789 287 847 st
303 788 375 845 enim
400 789 531 859 temporis
555 787 713 858 antiquitate
736 788 853 843 mundos
874 802 922 843 eos
942 796 1054 845 antere-

260 885 319 950 nit,
342 890 371 937 et
394 882 551 953 priusquam
574 881 629 937 nati
643 892 725 946 suut,
746 880 802 951 jain
825 889 939 936 nouerat
952 880 1056 950 pluvias

263 984 492 1046 tempestatesque
512 986 606 1029 natura
621 990 628 1031 :
646 976 749 1029 nullum
765 975 853 1031 serius
875 975 930 1029 uati
945 976 1056 1045 pluendi

257 1069 303 1142 jus
317 1069 431 1134 liabent,
448 1083 535 1139 neque
555 1068 596 1123 eis
618 1068 740 1124 inserere
761 1066 935 1124 rationibusr
948 1083 978 1123 se
991 1074 1055 1137 pos·

259 1174 339 1230 suut,
353 1176 420 1235 quas
433 1162 597 1219 invenerunt
607 1163 652 1219 laio
665 1163 724 1233 agi,
740 1172 768 1220 et
782 1163 886 1234 maiore
899 1158 933 1219 ab
945 1173 1057 1219 auctore

1106 509 1164 565 sine
1175 504 1239 572 situ,
1253 516 1338 572 motu,
1353 515 1380 564 et
1395 500 1505 575 babitu,
1527 496 1561 562 rie
1584 520 1637 578 quo
1651 496 1718 560 niliil
1739 496 1792 559 dici
1806 508 1834 559 et
1848 516 1897 560 er-

1107 602 1187 676 primi
1203 600 1439 674 niortaliumpotis
1454 611 1495 657 est
1521 588 1717 672 significatione
1729 598 1875 655 uerborum
1892 617 1900 653 ι

1107 696 1153 769 qui
1177 694 1396 769 utintelligaris,
1426 694 1567 752 tacendum
1589 703 1646 761 est,
1672 702 1772 765 atque,
1798 702 1828 749 ut
1855 708 1903 764 per

1107 791 1231 847 umbrant
1249 800 1275 847 te
1296 792 1382 862 possit
1391 800 1486 845 errans
1501 790 1663 860 inuestigare
1684 788 1818 859 suspicio,
1835 788 1903 843 uiliil

1108 895 1150 940 est
1160 882 1269 940 omnino
1280 882 1457 938 mutiendum.
1471 880 1506 938 tta
1520 882 1638 949 ueniam,
1651 897 1700 936 reat
1712 897 1828 946 sumine,
1841 864 1903 936 tuos

1110 972 1335 1049 persequentibus
1355 970 1471 1031 ianiuios
1487 993 1494 1031 :
1511 982 1538 1031 et
1557 962 1627 1045 quod
1651 982 1703 1028 tuce
1727 972 1902 1045 benignitatis

1108 1078 1150 1127 est
1163 1073 1309 1142 proprium,
1326 1060 1490 1142 fugientibus
1503 1070 1613 1141 ignosce
1629 1069 1665 1124 tui
1682 1067 1799 1123 nourinis
1814 1076 1843 1123 et
1857 1083 1902 1122 re-

1108 1163 1214 1234 ligionis
1237 1164 1350 1220 cultotu.
1370 1162 1429 1219 Nou
1453 1172 1496 1219 est
1510 1161 1606 1217 mirum
1628 1158 1650 1216 si
1675 1158 1806 1232 ignoraris
1821 1176 1830 1215 a
1843 1176 1903 1215 uia·

260 1257 381 1314 tractari.
1105 1256 1173 1330 loris
1183 1262 1224 1314 est
1236 1254 1434 1323 admirationis,
1444 1259 1467 1313 si
1478 1254 1582 1312 sciaris.
1595 1252 1649 1312 Nisi
1660 1242 1818 1312 iorteaudet
1829 1254 1903 1326 quis-

304 1347 401 1404 fflll.
417 1347 440 1405 0
454 1350 589 1413 maxime.
611 1364 629 1406 o
647 1362 753 1405 sumine
772 1358 862 1406 retum
883 1344 1055 1404 lntlsibilium
1108 1354 1200 1423 quam,
1216 1348 1267 1409 lioc
1281 1352 1352 1409 enini
1369 1348 1477 1407 lutlosae
1498 1356 1583 1406 restat
1604 1346 1735 1417 insanie,
1751 1349 1901 1420 ambigere.

262 1442 438 1513 procreator!
454 1439 477 1495 0
493 1444 549 1512 ipse
565 1442 687 1510 inrisus,
707 1451 735 1498 et
748 1442 968 1513 nullisumquam
982 1446 1057 1496 coni·
1108 1443 1233 1499 dubitare
1263 1460 1296 1497 ari
1321 1442 1356 1502 sil
1377 1443 1428 1498 iste
1448 1430 1534 1508 betis,
1556 1456 1645 1496 aiiiion
1670 1443 1706 1497 sit
1731 1457 1740 1495 .·
1762 1440 1899 1511 explorata

261 1534 397 1607 prelaense
410 1536 531 1590 naturis!
548 1535 655 1606 digmus,
670 1535 767 1607 diguus
789 1548 819 1592 es
834 1548 914 1603 rere,
937 1537 960 1591 sl
975 1534 1057 1590 modo
1109 1536 1175 1593 itdei
1189 1536 1320 1604 ueritate,
1335 1550 1368 1591 an
1383 1532 1499 1591 rumoris
1520 1535 1589 1590 cassi
1601 1528 1756 1604 opinatione
1769 1534 1804 1589 sit
1816 1533 1904 1589 eredi-

265 1639 292 1682 n
310 1627 421 1697 organon
446 1626 553 1682 norint
580 1626 723 1683 tarentin
743 1636 857 1694 uina,
882 1626 924 1682 ciat
950 1627 1057 1698 spana
1109 1620 1904 1703 iiislnonnneninqnosoanpnitosopinitisnunoe-

261 1720 350 1775 omuls
364 1719 569 1791 intelligensque
583 1730 689 1787 natura,
702 1728 730 1776 et
741 1720 841 1776 babere
850 1728 877 1776 et
889 1732 968 1791 agere
978 1730 1058 1776 ultru-
1109 1722 1190 1791 ditos,
1209 1722 1303 1795 partini
1318 1720 1398 1778 ullam
1413 1736 1512 1794 negare
1526 1723 1579 1777 viru
1591 1736 1651 1777 esse
1662 1721 1791 1787 diuinam,
1806 1718 1904 1795 partini

260 1826 342 1882 quain
352 1810 458 1867 desinat
473 1813 575 1881 gratias
589 1830 596 1867 ι
611 1813 653 1867 cui
674 1819 730 1867 toto
749 1813 892 1868 conueniat
911 1813 964 1866 rita
987 1826 1058 1884 genu
1073 1827 1097 1887 Β
1111 1834 1144 1874 an
1164 1819 1214 1882 sit,
1230 1814 1588 1888 quintadecimanorumque
1608 1800 1716 1871 casibus
1732 1800 1865 1880 fortuitis,
1879 1823 1907 1869 et

262 1907 330 1962 uiso
344 1905 532 1975 procumbere,
544 1916 571 1962 et
583 1906 750 1961 continuatis
761 1907 884 1977 precibus
896 1908 1059 1980 supplicare.
1111 1912 1335 1971 concornonibos
1349 1911 1500 1969 temerariis
1511 1925 1645 1966 suminam
1660 1925 1751 1964 rerum
1766 1918 1894 1964 construe

263 2000 356 2055 Plinia
372 2000 443 2054 ellim
460 2010 488 2055 ¹1¹
502 2014 582 2055 causa
597 2016 644 2067 ιδ,
666 2001 742 2056 ¹⁰0¹¹S
755 2017 856 2067 retunt,
878 2017 909 2057 ³⁰
923 2007 1060 2074 Suillium,
1113 2024 1161 2074 re,
1178 2017 1260 2080 atque
1279 2007 1446 2063 diversitatis
1461 2006 1563 2078 impetu
1578 2003 1703 2060 ialiricari
1717 2019 1797 2059 :cum
1812 2003 1910 2075 quibus

265 2094 503 2151 fundamentorum
528 2106 690 2150 cuiietorum
713 2111 891 2167 quercumque
915 2109 978 2151 sunt
998 2096 1060 2151 inia-
1114 2102 1167 2158 line
1190 2111 1312 2172 tempore
1326 2113 1337 2140 ι
1351 2100 1455 2156 nullum
1468 2099 1547 2155 nobis
1560 2098 1670 2155 omuino
1683 2113 1765 2169 super
1790 2098 1836 2153 tati
1858 2099 1913 2154 erit

265 2191 353 2256 nitus,
380 2190 537 2260 ingenitos,
565 2190 744 2256 immortalis,
772 2202 938 2262 perpetuus,
966 2190 1061 2256 solus,
1115 2196 1299 2251 obstinatione
1313 2205 1462 2251 certarnen.
1479 2194 1563 2249 diunt
1575 2195 1648 2248 enini
1664 2208 1729 2247 sana
1744 2193 1909 2257 sentientes,

263 2299 346 2356 quem
360 2284 433 2340 nulla
445 2282 558 2339 deliniat
580 2282 667 2341 iorma
679 2285 829 2356 corporalis
843 2283 870 2353 b,
886 2284 961 2340 nialla
973 2284 1063 2341 deter-
1116 2286 1301 2345 ountradicere
1315 2287 1396 2343 robus
1409 2284 1517 2355 staltis,
1533 2284 1653 2343 sibliillte
1667 2292 1728 2340 esse
1746 2282 1867 2356 majoris.

877 2424 1069 2483 annitentes
1088 2426 1296 2484 tentantes

294 2518 308 2566 ¹
330 2534 484 2588 nactanabus.
504 2534 579 2588 Male.
599 2550 644 2590 nas.
1150 2545 1162 2575 ⁰
1180 2542 1234 2595 iioo
1245 2545 1372 2609 temporis.
1385 2545 1460 2595 deis.
1481 2551 1566 2597 oriem
1577 2542 1682 2609 slim
1698 2557 1743 2595 iias.
1761 2542 1855 2595 sosia

292 2597 308 2635 ¹
329 2596 450 2663 Corporis.
479 2595 550 2651 Puto.

953 2700 1235 2767 conuenientius.

264 2828 403 2895 pinxerunt.
438 2822 560 2882 uenata.
581 2856 615 2865 -
631 2825 727 2881 ilunou
751 2822 893 2897 legendum
917 2824 1028 2891 puerunt
1046 2823 1059 2877 i
1109 2823 1166 2888 illo,
1182 2833 1209 2878 ut
1224 2825 1279 2892 ipse
1290 2824 1321 2879 sit
1336 2825 1416 2880 iocus.
1441 2824 1523 2879 Locus
1536 2824 1603 2878 cuim
1626 2824 1652 2883 iu
1668 2823 1753 2892 spatia
1770 2831 1826 2887 sal,
1842 2823 1913 2892 qaod

902 2895 1003 2951 Ortona..
1111 2893 1284 2964 ioupitiuiine,
1299 2908 1323 2950 et
1342 2895 1493 2961 latitudine,
1514 2904 1539 2949 et
1557 2894 1692 2948 altitudine
1706 2894 1820 2962 eorporis
1838 2906 1917 2948 oesti-

301 2970 437 3024 naitonum
450 2968 569 3023 imbrium
589 2976 814 3038 tempestatumque
836 2968 973 3035 pinxerunt.
986 2966 1060 3024 Scri·
1112 2976 1210 3035 potus:
1224 2984 1268 3022 nes
1284 2967 1354 3022 Deus
1374 2968 1425 3022 tole
1446 2965 1545 3035 aliquid
1567 2977 1612 3020 est.
1632 2963 1665 3020 Et
1687 2972 1774 3020 sinnius
1796 2965 1874 3035 igitur
1888 2967 1915 3019 ιἰι

266 3042 383 3098 bernium
399 3041 520 3110 puertiae.
541 3039 643 3095 Oreus.
1074 3035 1097 3098 C
1113 3039 1170 3103 ipso
1183 3048 1251 3104 runt,
1264 3049 1286 3092 ιι
1301 3039 1372 3093 iocus
1386 3055 1437 3092 uon
1451 3048 1499 3094 est.
1520 3038 1582 3092 liaeo
1598 3036 1717 3102 Felicio,
1732 3036 1831 3108 quibas
1844 3036 1915 3092 adde

301 3110 400 3168 xxxi.
420 3142 457 3153 -
477 3108 499 3166 0
517 3112 571 3182 ipse
593 3111 687 3165 inuisus
715 3120 738 3163 et
763 3110 841 3165 inillis
860 3127 1063 3173 timuitoutcom-
1116 3108 1481 3236 unkunnanssoniossmm.
1498 3110 1526 3165 3.
1546 3107 1648 3165 Ossae.

264 3186 387 3255 prebente
407 3185 514 3236 naturis.
533 3185 569 3238 lta
583 3181 649 3238 Coti.
666 3197 717 3238 ms.
736 3190 763 3236 et
785 3183 829 3234 orl.
851 3181 948 3238 Sabaei.
967 3183 1063 3236 Cute-ri

263 3257 371 3310 iuuise:
392 3253 440 3307 sed
463 3265 525 3308 sinit
548 3254 626 3322 liujus
646 3253 752 3324 garrietis
773 3254 902 3327 imiiuqui
922 3255 990 3323 apitd
1015 3253 1064 3308 bos

263 3327 409 3391 scriptores
424 3327 557 3396 pluriinae,
575 3325 651 3378 trullis
664 3328 846 3391 coniprelieuse
858 3326 966 3392 irotrtris,
982 3325 1008 3379 iil
1022 3337 1064 3378 cst

264 3396 561 3466 incomprenensibilis,
581 3407 659 3461 quant
675 3411 767 3449 vocem
787 3397 938 3465 siguini-me
954 3398 1062 3456 malint,

264 3483 343 3538 quarn
367 3467 551 3538 pronuntiare.
567 3457 745 3521 Tettiillianus
760 3467 919 3522 :inuisibilis
938 3479 989 3532 est,
1004 3478 1029 3521 et
1042 3469 1065 3521 si'

264 3537 394 3604 triticorum·
416 3537 689 3607 incoritprelreusi'bilis,
713 3540 758 3592 etri
775 3553 818 3605 por
838 3541 947 3609 protinus
969 3554 1062 3610 reprcu-

264 3618 385 3665 sentrtnr.
402 3609 468 3664 Crini
488 3613 537 3664 bac
553 3603 705 3678 precatione
723 3609 885 3664 cntiiereinla
904 3610 946 3663 illa
960 3609 987 3665 S.
1006 3609 1062 3665 iin-

264 3680 362 3753 gustini
379 3678 514 3745 Conium..
531 3680 578 3736 lib.
599 3697 618 3745 1,
636 3699 660 3736 c.
678 3681 735 3736 bct
746 3680 773 3734 i.
788 3679 891 3736 inrisus
903 3696 950 3750 pro
962 3698 1013 3736 non
1026 3681 1063 3735 ri·

264 3769 322 3819 sus,
335 3763 363 3807 ut
373 3765 454 3824 supe.
472 3752 537 3806 Vide
553 3752 731 3817 Buuemauu,
743 3753 775 3804 ad
791 3753 924 3820 iactant..
938 3754 1002 3808 inst.
1015 3768 1062 3817 ιιι,

266 3831 324 3893 rap.
349 3823 397 3888 16,
421 3840 480 3894 pag.
502 3819 736 3893 siliquarum
757 3833 839 3877 orateur
864 3822 915 3878 lioc
935 3817 995 3878 inco
1016 3839 1064 3892 pro

265 3905 400 3962 creatura,
413 3903 441 3950 ut
453 3911 496 3965 ap.
509 3891 683 3950 Prudentiutu
695 3900 755 3972 περὶ
765 3897 904 3969 στιφόιιωπ,
916 3893 1016 3967 iipinuo
1027 3911 1062 3950 1:

343 4005 446 4058 Fluctus
456 4006 573 4070 liquentis
584 4006 690 4069 equoris
698 4008 789 4070 pressit
800 4005 874 4068 pede,

344 4069 437 4119 iiatura
449 4069 516 4120 duta
527 4078 554 4120 et
562 4071 676 4120 tenuisiu
687 4070 791 4119 solidum
801 4070 860 4119 enit.

266 4189 346 4245 quem
362 4174 450 4232 locauu
465 4176 557 4230 citavit
570 4175 711 4229 bieursius.
731 4172 835 4231 Osset.

302 4243 373 4300 Genu
405 4246 465 4300 uiso
494 4246 667 4316 procumbere.
696 4245 826 4316 vulgatus
853 4257 911 4301 mos
940 4254 1062 4302 ueterum

265 4315 489 4374 curtiannonmi.
503 4318 530 4372 ln
544 4317 709 4372 orationibus
728 4319 754 4371 iri
770 4328 867 4372 terram
883 4314 983 4385 poplite
999 4318 1062 4374 uiso

265 4389 451 4457 procumbere.
473 4381 602 4458 Origenes
617 4391 643 4442 in
658 4389 778 4449 Ntrnieri,
794 4403 854 4459 cap.
875 4390 901 4449 i.
917 4387 1049 4447 nantis

265 4459 312 4513 tot.
330 4459 381 4513 lsn
395 4475 402 4510 τ
418 4457 506 4512 Gentio
516 4460 641 4529 plectimus
653 4467 763 4513 orontes.
785 4455 908 4514 Ebusus.

304 4519 388 4583 Locus
403 4539 487 4583 rerum
502 4546 532 4582 oe
547 4532 665 4598 spatium.
679 4529 718 4585 ita
731 4529 903 4585 nominamini
916 4523 998 4585 beutu
1014 4547 1062 4586 re·

266 4610 339 4656 teres
359 4600 544 4669 Peripatetici,
566 4602 642 4657 τόπον
660 4604 772 4662 πίπτων,
789 4605 855 4667 iquos
875 4601 971 4656 releltit
984 4603 1061 4658 Sext.

267 4671 417 4741 Empiricos
432 4671 560 4726 adsersus
575 4669 713 4736 sinsheim,
729 4673 775 4726 lib.
796 4688 826 4739 t,
845 4672 889 4726 ubi
905 4668 1043 4729 Fabricius

267 4742 611 4814 pugnatissimum:
628 4762 636 4794 ι
650 4741 733 4797 Deum
747 4739 849 4797 Hebraei
862 4758 914 4798 non
929 4743 1061 4811 dubitaui,

266 4818 329 4886 quia
353 4827 368 4869 a
392 4813 465 4869 trullo
483 4819 649 4878 cotilinetor,
671 4815 727 4885 ipsc
741 4830 806 4867 vorti
821 4815 950 4869 irunionsa
966 4819 1063 4872 rirtute

267 4895 315 4940 sua
330 4889 451 4943 eontinet
464 4888 568 4949 uinaria,
583 4886 718 4955 appellare
812 4927 819 4949 ,
845 4889 902 4941 sire
915 4887 1019 4953 lorum,
1035 4899 1063 4944 ut

267 4971 340 5026 saepo
355 4956 384 5012 iit
405 4960 430 5011 in
454 4956 545 5012 libi-llo
565 4958 664 5013 rituum
680 4958 864 5024 Pascnnliuur,
886 4973 966 5029 quem
981 4959 1064 5014 edidit

269 5029 454 5100 iiittalngelills.
469 5028 545 5084 Pinio
558 5025 677 5088 iudaeus.
694 5029 762 5083 libro
772 5030 806 5082 de
819 5028 952 5092 Priiiiigis,
968 5045 994 5100 p.
1009 5031 1063 5087 560

267 5103 403 5168 explicans
428 5100 515 5154 loeium
541 5099 626 5156 Eiod.
643 5115 697 5164 xxi,
720 5101 762 5155 ts.
778 5102 860 5156 τόπον
880 5100 950 5155 oio
972 5108 1014 5155 nna
1035 5106 1063 5158 σὺ

266 5176 355 5248 χώραν
369 5172 592 5248 ἐκπιπληρωμίιηι
605 5173 655 5227 ὑπὸ
676 5174 794 5245 σώματος
806 5215 813 5236 ,
824 5169 886 5227 ἄλλά
895 5171 927 5226 δι’
941 5173 1064 5228 ὑπονοιῶν

264 5245 340 5298 adro
353 5245 395 5298 ros
413 5245 479 5307 bibi,
496 5242 580 5303 ἐπειδὴ
594 5245 723 5320 πιριὲχωι
742 5246 771 5297 οὐ
786 5243 954 5319 περιέχεται,
972 5248 1011 5299 καὶ
1024 5242 1062 5302 ὅτι

266 5321 397 5388 καταφυγή
412 5323 461 5369 τῶν
479 5311 541 5367 itm
559 5315 624 5369 ἐστὶ.
641 5315 727 5369 Sicci
744 5313 882 5369 christiani
905 5317 1060 5385 scriptores.

267 5383 431 5478 'l'neopliilus
445 5392 464 5439 tl
477 5386 509 5437 ad
525 5388 660 5456 Autolyc,
678 5401 703 5450 p.
718 5379 762 5438 81.
784 5388 844 5447 esic
858 5388 907 5462 peip
921 5390 949 5443 oi
963 5394 1063 5464 χωρεῖ-

265 5471 320 5518 ιαι,
336 5458 397 5513 otte
408 5457 483 5517 oni<
505 5458 563 5512 issi
577 5457 656 5516 τόπος
679 5462 729 5509 τῶν
747 5452 817 5510 ilua.
835 5461 863 5511 ιιι
887 5462 1063 5515 Ctiiilessioiie

265 5526 432 5592 Graecorum,
448 5543 527 5597 quam
541 5526 623 5581 edidit
638 5526 816 5592 Norinannus,
834 5545 859 5597 p.
876 5531 921 5586 56.
940 5530 1009 5585 Deus
1022 5531 1064 5584 di·

265 5601 334 5652 citur
355 5600 432 5660 τόπος
455 5599 528 5659 αὐτὸς
548 5597 650 5653 ἑαυτοῦ.
668 5595 778 5665 Proprie
801 5609 890 5653 tninen
907 5602 994 5656 locuni
1010 5601 1062 5657 dici

266 5681 345 5734 posse
360 5674 452 5730 ueniri,
470 5681 542 5722 rectu
557 5677 635 5736 negat
653 5667 682 5722 ll.
700 5668 875 5737 Augustinus,
890 5672 960 5725 libro
971 5668 1006 5725 de
1020 5671 1061 5726 di-

264 5742 350 5792 rersia
364 5738 562 5806 Qiiaestionibus
585 5749 695 5802 ltsxtu,
717 5743 866 5808 quitatione
886 5740 923 5796 20
938 5759 944 5790 t
961 5740 994 5795 iit
1009 5742 1062 5798 Deo

261 5818 320 5860 sunt
334 5819 418 5877 potius
432 5810 531 5877 omnio,
544 5825 621 5878 quoin
635 5813 690 5882 ipae
705 5808 816 5878 nitrien
831 5827 876 5866 nee
890 5827 975 5869 romeu
987 5813 1023 5866 ito
1036 5816 1063 5869 iii

1183 3183 1234 3235 nilo
1255 3183 1404 3236 deteruaiuol
1418 3183 1636 3246 circumscriptio,
1657 3181 1788 3250 qualitatis
1810 3193 1913 3250 espsrs,

1116 3254 1281 3321 quantitatis.
1297 3252 1349 3308 un.
1362 3251 1495 3309 (latiturus
1508 3252 1583 3308 verb.
1598 3251 1729 3323 qualitatis
1748 3251 1914 3321 conjungeris

1116 3341 1177 3380 cuni
1198 3327 1398 3393 circunrscri'ptio
1414 3324 1556 3395 legendum
1571 3324 1680 3391 conjicit
1701 3341 1707 3379 ι
1730 3321 1813 3377 Nullo
1831 3324 1915 3378 deter-

1116 3398 1195 3449 minat
1206 3397 1406 3465 circumscriptio
1417 3396 1578 3466 quantitatis,
1588 3409 1677 3463 expers
1686 3396 1826 3461 qualitatis.
1836 3393 1913 3449 state.

1116 3459 1253 3534 Expectent
1266 3468 1405 3535 qualitatis.
1418 3467 1566 3536 quantitatis
1580 3467 1661 3520 botrin
1676 3476 1755 3522 vocat
1764 3464 1911 3532 brnobius,

1116 3540 1191 3604 cuijus
1204 3554 1290 3608 acque
1301 3540 1467 3607 qualitatem,
1483 3538 1534 3594 lano
1543 3546 1585 3591 est
1599 3538 1720 3596 uirtutes.
1733 3551 1821 3605 neque
1830 3552 1913 3604 qtrait·

1115 3611 1232 3664 litatem.
1250 3610 1274 3662 iil
1291 3621 1475 3663 estsuiuinain
1500 3609 1646 3677 potentiam
1669 3617 1696 3663 et
1719 3610 1914 3677 niriitiprusseu-

1117 3681 1190 3743 tiarn,
1207 3677 1328 3734 liuniines
1343 3692 1444 3749 queunt
1457 3681 1500 3736 rel
1514 3678 1621 3751 ingenio
1644 3693 1741 3750 capere
1765 3680 1807 3735 rel
1825 3679 1915 3734 uerbis

1115 3755 1282 3819 exprimere.
1296 3751 1398 3807 Onesi..

1153 3819 1226 3877 Poris
1239 3832 1286 3877 est.
1302 3824 1451 3893 iogeliatur
1462 3831 1554 3892 potest.
1568 3823 1603 3878 iit
1613 3822 1639 3876 iu
1651 3836 1703 3876 uis.
1715 3837 1770 3890 reg·
1783 3822 1913 3890 scriptum

1115 3896 1181 3964 potis
1195 3904 1241 3956 est,
1258 3911 1337 3964 quain
1358 3897 1499 3949 lectionem
1514 3894 1708 3962 expressimus.
1722 3893 1766 3948 Sic
1779 3893 1841 3946 alibi
1861 3908 1914 3945 sie-

1116 3965 1224 4034 pissime
1240 3981 1288 4034 pro
1304 3977 1360 4033 pote
1382 3975 1419 4020 est
1438 3966 1606 4034 reposuimus
1630 3966 1695 4035 potis
1710 3973 1744 4019 est
1766 3978 1799 4019 eit
1813 3962 1912 4018 eodeni

1115 4052 1166 4092 uis.
1181 4029 1219 4091 ita
1234 4037 1413 4106 loquebantur
1426 4044 1549 4102 ueteres,
1562 4037 1631 4108 apud
1644 4049 1713 4107 quos
1725 4034 1844 4106 potissim
1861 4043 1913 4105 pro

1116 4123 1235 4179 possum.
1253 4108 1393 4165 Lucretius
1410 4125 1416 4162 :

1162 4237 1284 4306 iieepotis
1297 4244 1424 4314 esturmi,
1437 4242 1494 4306 quia
1504 4251 1601 4293 cassum
1612 4239 1704 4292 lumine
1715 4239 1802 4292 lertur.

1686 4345 1796 4397 lienus.

1052 4432 1060 4459 ’
1075 4437 1290 4542 Dentatum..
1307 4443 1369 4526 liar.
1385 4470 1471 4538 Leon,
1487 4471 1534 4528 lili.
1548 4487 1566 4535 ι,
1581 4482 1642 4542 cap.
1656 4471 1700 4527 ii.
1721 4470 1821 4528 Ooasu

1154 4542 1252 4598 Porsina
1276 4542 1355 4597 ntum
1379 4555 1470 4613 nepote
1492 4544 1542 4598 trt'nt
1563 4557 1617 4598 esse
1637 4543 1760 4596 diuinam.
1785 4544 1911 4609 titinnius

1115 4616 1174 4672 seii.
1194 4626 1222 4670 et
1239 4614 1398 4670 luciducus
1411 4614 1588 4688 Cyretiaicns,
1611 4613 1655 4682 qtd
1670 4615 1732 4670 ideo
1753 4617 1806 4670 nair*
1821 4618 1912 4689 ἔξοχόν

1053 4717 1060 4740 i
1115 4689 1185 4742 atliei
1200 4687 1366 4743 dicebantur.
1383 4686 1441 4740 Vnt.
1456 4685 1526 4754 Cio,
1538 4687 1571 4742 de
1583 4684 1643 4740 nai.
1659 4691 1750 4751 lleor.,
1763 4687 1781 4743 l.
1794 4705 1812 4753 i,
1827 4690 1909 4757 etad,

1104 4769 1142 4815 »tit
1155 4759 1287 4825 unciani,
1302 4775 1321 4824 t,
1336 4773 1361 4813 c.
1375 4753 1403 4814 2
1418 4757 1520 4820 Osset.

1151 4830 1251 4885 Porsina
1279 4841 1313 4884 tau
1339 4830 1417 4883 sla...
1431 4847 1552 4900 quaerere.
1575 4828 1736 4899 Protagoras
1757 4830 1909 4887 Abderites.

1115 4900 1177 4957 tid.
1192 4901 1249 4956 Cic.
1265 4901 1284 4956 l.
1301 4917 1319 4955 t.
1339 4902 1442 4958 Orsua.

1151 4971 1257 5027 Curibus
1273 4974 1383 5038 fortuitis
1401 4984 1424 5026 et
1443 4970 1649 5027 concursionibus
1663 4974 1812 5029 temerariis.
1826 4972 1910 5042 Cujus

1115 5048 1255 5100 sententie
1270 5057 1362 5096 :tractor
1379 5055 1436 5098 erat
1454 5046 1635 5102 licuiocritus,
1652 5044 1825 5097 coiiiiruiator
1844 5046 1910 5114 Epi·

1115 5130 1205 5171 curua.
1220 5113 1382 5174 Lactantius.
1397 5109 1440 5171 lib.
1456 5132 1474 5180 r,
1489 5129 1513 5170 c.
1535 5111 1560 5169 Ξ.
1579 5111 1620 5169 ut.
1633 5113 1768 5180 introiisti..
1783 5125 1833 5173 sot.
1849 5133 1908 5183 rut,

1115 5186 1159 5242 stt.
1177 5187 1262 5254 uun,
1277 5185 1343 5241 liisl.
1357 5186 1428 5251 nit,
1442 5203 1470 5248 u.
1487 5185 1511 5241 7.
1534 5183 1635 5241 Oasin.

1151 5247 1309 5313 [itinerationi
1331 5253 1426 5326 inipetu
1449 5253 1579 5327 snbritorr'.
1598 5255 1652 5312 linc
1674 5265 1734 5324 est,
1757 5255 1909 5327 impetuoso

1114 5338 1266 5384 atmnoruni
1281 5344 1423 5393 concursu,
1439 5343 1505 5397 quas
1520 5327 1716 5383 diuersissimas
1731 5344 1793 5385 esse
1807 5341 1910 5386 statue·

1115 5411 1177 5455 riun
1192 5400 1334 5468 iipiotuei,
1358 5401 1424 5453 alias
1438 5400 1537 5464 laeves,
1551 5400 1618 5454 alias
1633 5413 1756 5466 anterus,
1782 5404 1909 5457 rotundas

1114 5473 1197 5535 olias,
1212 5472 1307 5540 partini
1330 5482 1418 5524 atatem
1434 5471 1584 5542 arigulatas,
1598 5483 1722 5525 enarratas
1736 5472 1866 5543 qiinsdam
1881 5484 1909 5530 ot

1114 5543 1189 5612 quasi
1205 5544 1332 5597 aduncas.
1358 5537 1416 5596 lind.
1438 5541 1507 5609 Cic,
1529 5544 1562 5596 ile
1582 5542 1640 5596 nar.
1656 5541 1749 5610 unni,
1764 5543 1783 5599 l.
1797 5543 1840 5599 il.
1863 5543 1908 5599 ut-

1114 5614 1238 5667 versi'tulis
1252 5624 1291 5667 est
1309 5613 1397 5683 itaque
1413 5613 1481 5667 idrus
1499 5614 1568 5681 quod
1583 5613 1737 5667 diuersurum
1753 5625 1907 5684 otomorttnt,

1115 5697 1202 5750 noque
1214 5697 1280 5754 optas
1296 5683 1424 5742 iubemus
1439 5694 1605 5740 esurrectione
1616 5681 1641 5739 J.
1659 5681 1776 5738 Waliteri
1790 5687 1822 5740 nd
1836 5687 1905 5752 Cic,

1114 5754 1147 5809 tio
1161 5753 1219 5808 Nat.
1246 5753 1336 5822 urion,
1361 5771 1379 5821 r,
1401 5756 1444 5823 58,
1468 5770 1526 5880 paq.
1542 5755 1605 5820 sis,
1619 5755 1662 5811 cti.
1684 5756 1779 5810 Datioi
1797 5757 1908 5828 legentis

1113 5825 1284 5881 suiunsi'totlt
1296 5825 1391 5896 inipetu
1407 5827 1450 5883 rel
1465 5841 1507 5880 uui
1524 5827 1570 5880 itu.
1582 5819 1681 5883 Contra
1694 5819 1908 5897 insequentibus
