4150 6250
286 258 324 349 aq
767 250 1446 325 mausumntsssommtuornaumm
1901 261 1942 329 tt

287 376 418 441 necuim
433 374 544 445 omniuo
557 375 724 449 ignatianum
740 375 829 448 sapit,
842 391 897 437 aon
917 375 1030 449 aliquod
1045 377 1128 439 rel
1143 389 1174 433 se
1186 377 1329 448 baberent,
1352 388 1412 438 erat
1432 378 1525 451 utique
1542 376 1654 438 omnino
1674 378 1887 441 cousentaneum
1911 393 1943 442 ut

288 473 405 531 centius.
421 470 562 533 idiactum
574 485 589 527 a
603 470 747 543 iiagraesiis
761 471 840 529 testis
854 471 912 543 ipse
925 480 967 529 est
980 471 1091 543 amplis-
1142 483 1196 527 nou
1209 469 1277 529 alias
1289 471 1469 544 legationibus
1481 487 1562 545 quam
1571 473 1742 546 superiorum
1756 476 1880 533 ordinum
1892 477 1942 534 ad·

288 567 373 625 simus
389 565 505 638 ignatius
522 563 585 638 (Ep.
609 564 643 619 nd
656 563 787 637 lingum,
803 563 818 637 i
832 561 873 637 i),
898 579 953 622 non
978 565 1090 627 Damam
1143 563 1277 633 lrilterenl,
1292 565 1412 623 nondum
1424 566 1452 623 in
1464 566 1613 625 Ecclesiam
1628 569 1791 627 introductis
1804 571 1858 629 illis
1869 571 1943 629 inic-

288 659 371 717 modn
385 674 480 717 aarum
493 656 672 729 episcopum,
688 658 735 714 sed
751 667 778 714 et
790 656 966 731 presbyteros
977 658 1091 721 ilassurn
1143 655 1243 717 riorum
1266 658 1392 715 ordinum
1414 659 1546 719 ministris
1566 660 1664 732 quibus
1685 678 1732 725 usa
1759 673 1802 722 est
1820 663 1944 726 Ecclesia

288 760 317 809 el
337 750 521 825 apollonium,
535 759 563 807 ct
583 750 727 809 diaconum
742 749 883 820 Sotionem
898 766 992 811 seeum
1006 750 1093 811 inisse
1142 759 1262 822 actosque
1276 750 1414 825 Cypriani.

287 844 421 917 Smyrnae.
451 844 538 917 Rogat
563 844 611 903 ille
633 845 733 915 sepius
754 844 901 914 Ecclesiae,
920 853 949 903 ιι
973 845 1091 917 legatum
1180 842 1255 916 ιιι.
1271 844 1354 907 Plane
1370 844 1527 905 celerabant
1539 848 1598 907 laec
1610 848 1748 923 ignatinus
1761 851 1850 913 etatis
1860 854 1944 912 etiam

291 937 408 1009 aliquem
420 936 561 993 mitterent
572 935 765 993 cnnltrmaude
780 936 838 995 sedi
852 951 909 995 sue
920 936 1091 995 antiochenas
1143 936 1298 1005 apostolice
1311 939 1496 1001 recentissima
1510 943 1635 1015 vestigia.
1650 943 1760 1001 illorum
1774 960 1855 1017 opera
1869 961 1943 1019 prac-

289 1029 418 1104 episeapo
431 1029 580 1087 destitute.
602 1028 679 1085 iiuuc
694 1028 741 1085 ilic
758 1044 831 1087 nuuc
849 1028 985 1107 ιιιιρόμον
998 1028 1092 1102 appel·
1143 1026 1222 1099 cipua
1237 1028 1263 1084 iu
1276 1027 1487 1090 disseminandis
1502 1035 1696 1109 nullunquam
1710 1038 1835 1110 regendis
1847 1039 1945 1097 Eccle-

287 1126 325 1181 lat
340 1123 402 1200 (Ep.
417 1124 451 1179 ed
466 1121 621 1195 Polqcorp,
637 1122 651 1195 i
665 1120 704 1195 l),
718 1137 790 1181 nunc
802 1124 1004 1200 θιιπρισιινιιιν
1027 1121 1091 1196 (Ep.
1143 1120 1192 1176 siis
1204 1121 1334 1183 collocata
1349 1132 1401 1181 est.
1418 1125 1535 1185 Proinde
1555 1138 1767 1189 consentaneum
1786 1139 1847 1188 arat
1860 1143 1890 1189 ut
1900 1133 1944 1191 ie·

288 1218 323 1273 nn
337 1217 455 1289 singen„
480 1214 568 1289 qli),
590 1216 667 1286 nuilus
691 1215 814 1273 meminit
828 1215 910 1275 ctiam
933 1216 960 1273 in
984 1216 1036 1287 lin.
1058 1214 1093 1275 ad
1143 1214 1560 1286 gatiquarnltonnrilioentissimi
1574 1221 1766 1294 deligerentur,
1777 1228 1941 1298 presertim,

288 1309 477 1386 Philippenses
491 1306 668 1380 polycarpus.
681 1306 755 1375 Quos
770 1321 836 1365 uera
850 1306 904 1367 iile
917 1306 1022 1379 legatos
1045 1307 1093 1365 dc·
1144 1322 1206 1365 cum
1222 1310 1248 1366 id
1263 1310 1351 1381 ipsum
1373 1311 1512 1387 Evangelii
1532 1318 1698 1389 propagandi
1717 1334 1824 1388 munus,
1846 1336 1944 1378 corum

287 1401 428 1469 stinarinl,
452 1400 572 1457 ostendit
587 1401 658 1458 idem
674 1401 861 1461 sanctissimus
884 1412 990 1476 martyr
1016 1402 1093 1476 igmt·
1145 1403 1240 1460 iulsset
1258 1408 1394 1477 precipue
1408 1409 1493 1480 quiin
1509 1410 1636 1482 primaria
1651 1421 1745 1469 essent
1757 1412 1887 1471 Ecclesiae
1899 1414 1944 1472 di·

289 1495 344 1553 tius
356 1496 382 1551 in
399 1491 450 1566 Ep.
465 1493 499 1549 ad
525 1492 795 1565 Philadelpbieuses:
810 1495 840 1553 ιι
859 1493 967 1572 ἔγγιστα
982 1493 1092 1568 (inquiri
1144 1495 1247 1567 gnitate
1268 1499 1425 1567 constituti,
1448 1501 1544 1572 quales
1557 1512 1636 1560 erant
1651 1504 1701 1573 ipsi
1715 1506 1848 1577 apostoli,
1861 1522 1945 1564 eran·

287 1589 419 1648 ἐκκλησίαι
437 1585 554 1662 inopiam
576 1586 744 1654 intendamus,
760 1587 788 1643 ai
801 1586 829 1645 ll
841 1588 1035 1665 πρισὸιτιριις
1049 1591 1095 1646 καὶ
1143 1588 1258 1660 gelista,
1274 1601 1327 1648 ιιι.
1342 1591 1483 1653 Habebam
1503 1594 1583 1667 igilur
1597 1596 1735 1665 Ecclesiae,
1752 1607 1850 1668 prelcr
1861 1599 1945 1669 ilius,

288 1679 421 1741 διακόνους
440 1677 506 1748 (Ep.
528 1678 563 1731 ml
578 1677 788 1751 Plrilodelpla.,§
807 1677 865 1752 ill).
889 1681 1093 1752 Dubitalqucirt
1145 1684 1268 1754 primarii
1281 1686 1517 1754 nominisclnlsti
1527 1688 1675 1760 apostolos,
1685 1690 1751 1760 ipse
1762 1706 1870 1764 quoque
1880 1708 1945 1750 stans

288 1786 320 1828 ca
335 1786 415 1842 quam
430 1768 546 1827 diximus
558 1768 592 1825 ad
605 1768 798 1842 Philippenses
809 1770 928 1843 Epistola
941 1773 1000 1844 ipsa
1012 1772 1094 1847 Poly·
1109 1778 1134 1851 Β
1149 1789 1217 1845 quos
1235 1776 1330 1835 itidem
1344 1778 1517 1850 appellabam
1530 1782 1679 1853 apostolus,
1696 1793 1848 1855 propterea,
1864 1794 1893 1840 ut
1906 1785 1948 1840 ri-

288 1881 404 1940 carpus,
424 1866 519 1938 ipsene
543 1864 707 1937 legationem
723 1866 824 1932 obiret,
846 1882 880 1922 an
895 1867 979 1927 alium
1002 1869 1093 1940 polire
1145 1866 1235 1938 detur,
1249 1870 1322 1940 quod
1336 1871 1423 1931 nuntii
1435 1871 1517 1944 uulgo
1527 1873 1710 1943 mitterentur,
1726 1884 1757 1931 ut
1768 1884 1948 1949 represenla-

288 1959 411 2019 mitleret
435 1957 566 2033 legatum.
590 1955 629 2014 ita
643 1972 697 2013 rann
712 1966 772 2015 erat
784 1974 799 2013 a
813 1958 875 2016 loco
886 1960 970 2017 etiam
983 1961 1093 2033 cpiscn·
1145 1968 1241 2028 rent,a
1256 1962 1354 2032 quibus
1367 1963 1550 2034 mitterentur,
1565 1965 1711 2023 Ecclesiae.
1728 1966 1756 2023 ld
1770 1967 1842 2024 enim
1857 1969 1948 2039 ipsam

287 2053 342 2124 pall
358 2053 477 2111 alienum
493 2061 522 2108 ut
535 2051 586 2122 ipsi
600 2050 765 2124 legationum
777 2067 890 2111 munere
904 2052 1093 2127 iungerentur,
1146 2052 1259 2110 innuere
1270 2053 1388 2123 uidetur,
1404 2071 1435 2112 ea
1449 2064 1539 2123 etate,
1555 2057 1643 2129 ipsum
1655 2058 1822 2130 apostolatus
1835 2075 1948 2119 nomen.

288 2146 329 2205 Es
342 2159 399 2217 quo
413 2144 495 2203 etiam
507 2144 596 2200 obiter
608 2152 715 2201 cunstat
726 2160 807 2214 quam
821 2161 874 2203 nnn
889 2145 980 2215 luerit,
993 2161 1027 2202 en
1040 2162 1093 2205 se·
1146 2145 1178 2202 iii
1191 2148 1306 2217 apostoli
1326 2148 1497 2218 appellantur
1519 2151 1658 2209 ἀπόστολοι
1668 2153 1805 2212 ιικιησιῶν
1820 2152 1855 2227 (tl
1872 2152 1946 2224 Cae,

288 2239 363 2309 culo,
379 2237 501 2311 episcopi
515 2237 634 2293 alliciam
650 2238 687 2295 ita
701 2238 795 2306 lirum,
822 2249 852 2297 ut
874 2239 979 2311 putarit
992 2240 1094 2301 Salina
1145 2252 1202 2303 ιιιι,
1217 2236 1276 2311 ii.)
1297 2238 1334 2294 ita
1347 2238 1552 2310 Epaphroditus
1564 2239 1780 2312 Philippensium
1793 2253 1853 2299 erat
1866 2259 1949 2315 apos-

289 2333 355 2393 sius.
376 2332 467 2405 lpsum
481 2331 571 2405 patius
583 2330 703 2403 episcopi
718 2346 816 2388 nomeu
833 2346 849 2391 a
863 2333 1093 2405 peregrinamium
1147 2331 1218 2388 lolius
1230 2330 1326 2404 (Phil.
1338 2349 1367 2399 u,
1381 2331 1441 2406 ιιι.)
1454 2333 1521 2403 Que
1532 2344 1623 2392 autem
1637 2335 1769 2395 benalicia
1780 2337 1835 2393 iliis
1848 2337 1949 2396 collata

289 2425 316 2483 in
329 2426 426 2497 grecis
437 2422 591 2479 ciuitatibus
604 2421 695 2479 nllrciu
708 2422 880 2494 desumptum
891 2433 958 2481 erat.
977 2425 1010 2480 Et
1024 2426 1093 2481 cbo·
1145 2432 1218 2488 sunt,
1227 2438 1260 2483 ca
1275 2440 1328 2483 non
1343 2427 1370 2482 in
1384 2426 1445 2485 illos
1457 2427 1531 2483 solos
1540 2428 1588 2485 sed
1601 2431 1638 2491 ιιι
1648 2430 1847 2504 epidamneas
1857 2432 1948 2492 ιιινιη·

288 2519 446 2591 repiscupos
458 2514 627 2592 ιιιριοδινιὰι
651 2516 788 2590 appellant
809 2517 953 2585 (lenones,
977 2532 1094 2588 quorum
1146 2526 1207 2573 σιιῐιν
1222 2517 1375 2577 ιιιιιιιιι
1398 2518 1591 2588 credebantur,
1607 2531 1751 2593 prepterea
1771 2523 1843 2594 quod
1857 2524 1949 2581 eccle·

289 2613 360 2679 idem
383 2626 447 2669 rure
459 2609 580 2675 silicium
596 2617 677 2681 atque
701 2608 729 2667 in
754 2606 865 2667 urbibus
891 2609 1093 2683 episcoporum·
1145 2609 1200 2667 sias
1212 2607 1397 2675 illas,utdiri,
1409 2612 1697 2681 representareuffl
1710 2614 1949 2687 quaintelligimus

289 2707 338 2767 Est
348 2714 437 2767 autem
453 2701 571 2782 σιρίιδος
585 2702 679 2760 eadem
704 2702 750 2757 illa
763 2717 816 2757 unx
833 2716 885 2773 qua
907 2702 1093 2784 apostolorum
1146 2711 1274 2771 querutum
1289 2700 1422 2763 aberrarit
1433 2704 1468 2759 ab
1481 2703 1597 2774 apostoli
1610 2712 1702 2763 mente
1714 2707 1741 2761 in
1756 2704 1853 2767 aarum
1865 2722 1948 2779 opus-l

288 2797 522 2873 peregrinationes
535 2796 562 2850 iu
575 2794 775 2866 antiquioribus
788 2793 918 2851 Ecclesia
932 2808 1094 2867 morrumen-
1147 2792 1264 2851 tolurunt
1288 2794 1469 2864 explicatione
1489 2794 1569 2857 Walo
1583 2796 1743 2863 ilessalinus
1754 2839 1762 2865 ,
1775 2813 1838 2856 cum
1848 2815 1950 2859 secum

290 2893 326 2949 lis
343 2890 467 2949 denotari
488 2887 645 2947 observarit
659 2888 717 2959 ipsc
738 2886 897 2947 Salmasius.
911 2884 984 2945 Nihil
999 2888 1091 2959 itaque
1146 2884 1238 2941 darios
1254 2883 1336 2943 bnsce
1350 2888 1490 2957 apostolos
1507 2902 1522 2941 a
1541 2888 1677 2959 primariis
1695 2890 1794 2949 missos
1809 2891 1949 2951 exislimat

291 2993 366 3045 uetat
380 2981 491 3039 eosdem
505 2988 533 3037 et
545 2977 683 3053 apostolus
694 2977 778 3037 luisse
793 2988 820 3035 ct
835 2976 988 3054 episcopos,
1001 2988 1030 3037 et
1044 2995 1093 3052 pc·
1146 2976 1179 3046 ad
1193 2975 1331 3042 ecclesias,
1343 2991 1397 3033 non
1407 2978 1467 3034 sice
1477 2993 1554 3037 uersa
1567 2979 1602 3034 ab
1616 2977 1740 3039 ecclesiis
1749 2980 1782 3036 atl
1793 2983 1945 3054 apostolos.

289 3074 424 3152 regriuari
437 3074 558 3147 potuisse
568 3085 596 3133 ct
610 3071 692 3130 certis
706 3081 796 3148 tamen
812 3071 943 3132 Ecclesiis
962 3087 1092 3150 preesse.
1146 3068 1174 3126 id
1189 3071 1212 3128 si
1233 3068 1328 3132 luisset
1342 3088 1448 3138 uerum,
1463 3073 1497 3134 ad
1517 3075 1657 3151 πρόσωπον
1671 3074 1807 3146 ἐκκλησιῶν
1830 3077 1949 3136 ιιιιιιιι

291 3171 446 3230 Praesertim
469 3184 531 3225 oum
555 3183 608 3223 rron
622 3167 658 3223 sit
671 3167 706 3224 de
719 3167 834 3223 aliorum
846 3166 1032 3239 apestolorum
1047 3168 1129 3239 pec
1146 3178 1200 3220 ιιι
1222 3166 1309 3235 potuit
1337 3166 1442 3222 illorum
1463 3167 1509 3226 ille
1523 3167 1636 3236 cultus,
1653 3168 1702 3234 sed
1723 3183 1788 3225 tero
1801 3170 1837 3230 ad
1851 3185 1948 3227 eorum

291 3262 519 3338 regrinatinnibus
533 3278 548 3318 e
563 3259 593 3317 S·
610 3260 686 3317 Pauli
702 3259 828 3332 exemplo
842 3261 1024 3334 statuendum.
1038 3260 1093 3336 lle·
1145 3257 1235 3328 potius
1258 3273 1274 3322 a
1294 3258 1392 3328 quibus
1415 3260 1490 3318 missi
1514 3261 1630 3320 luissent
1658 3263 1853 3333 apostolorum.
1877 3263 1949 3333 Quid

291 3359 357 3434 liqui
379 3367 453 3415 certa
472 3357 541 3414 intra
556 3364 645 3414 certas
660 3369 722 3411 sese
735 3365 764 3412 ul
779 3354 924 3426 plurimum
940 3357 1093 3430 prouincias
1144 3349 1217 3422 atiud
1239 3349 1334 3408 durior
1359 3351 1404 3406 illa
1428 3352 1518 3414 omnis
1540 3353 1663 3412 villosam
1686 3353 1873 3427 interpretatio
1893 3371 1948 3430 qua

291 3451 476 3520 cantinebant,
488 3450 540 3510 suit
554 3449 627 3506 illius
639 3447 731 3505 seculi
743 3449 835 3516 ditem,
849 3464 910 3508 cum
921 3450 978 3522 iant
992 3451 1094 3520 magti-
1145 3446 1284 3506 inlocales
1307 3449 1443 3508 ἐκκλησιῶν
1462 3448 1569 3506 dicendi
1592 3460 1670 3508 crant
1693 3451 1738 3523 qui
1761 3451 1795 3509 ad
1818 3454 1949 3511 ccclesias

292 3554 356 3616 tute
371 3552 462 3602 essent
484 3541 617 3609 ecclesie,
642 3549 671 3597 et
694 3539 722 3597 in
742 3540 866 3606 ecelesiis
883 3543 1014 3616 episcopi.
1032 3542 1091 3602 ilion
1146 3536 1304 3612 ιΙιιιιιιιιιι
1319 3538 1397 3596 ιιιιιι
1413 3551 1506 3600 essem
1525 3541 1616 3614 potius
1627 3544 1762 3614 quamilli
1777 3546 1823 3617 qui
1836 3546 1871 3604 ab
1882 3547 1948 3618 ipsis

293 3641 374 3713 lange
386 3639 421 3696 ab
443 3635 637 3708 tliarosolpmis
651 3634 837 3707 peregrinatus
851 3635 957 3696 ridetur
971 3637 1001 3696 S·
1014 3636 1093 3704 laco·
1146 3630 1222 3700 missi
1237 3630 1351 3706 tuissent
1364 3634 1500 3689 ecctesiis.
1521 3633 1568 3690 bei
1584 3646 1658 3692 certe
1679 3633 1835 3709 ebrisriqua
1852 3636 1948 3710 appel·

293 3734 355 3800 itus,
369 3733 392 3790 si
402 3735 473 3790 reris
486 3730 668 3790 monumentis
691 3729 839 3796 credimus,
862 3729 944 3788 ctiam
962 3729 1092 3790 antrum
1147 3722 1237 3780 iiillur
1260 3724 1376 3798 apostoli
1399 3741 1452 3781 unu
1473 3728 1518 3797 uiti
1541 3725 1576 3788 ali
1602 3727 1881 3800 Deuttlssltriiillllilib
1897 3729 1947 3788 Sed

294 3826 358 3888 illis.
372 3825 425 3884 Nec
438 3824 517 3895 longe
529 3822 563 3878 ab
579 3821 714 3893 iiierapoli
728 3821 894 3894 Piriiippum,
910 3837 962 3888 pec
974 3822 1009 3888 alt
1027 3822 1092 3880 Asia
1146 3818 1191 3890 titii
1204 3815 1239 3874 sil
1252 3817 1347 3891 iisdem
1370 3818 1525 3886 mittuntur,
1545 3827 1575 3876 ut
1596 3835 1665 3877 nura
1678 3835 1791 3892 prorsus
1812 3823 1948 3894 etenpio

293 3917 481 3992 proconsulari
495 3915 627 3986 ioannem
641 3914 798 3970 discessisse
810 3915 925 3971 innuunl
938 3914 1093 3990 Polycrates
1147 3925 1200 3982 que
1213 3910 1287 3970 omni
1303 3910 1429 3966 destituta
1451 3911 1486 3966 sit
1499 3914 1634 3969 contraria
1651 3914 1698 3970 illa
1710 3914 1821 3972 locutio.
1836 3914 1878 3974 llo
1897 3915 1949 3972 irae

294 4019 323 4068 el
335 4010 463 4082 Clemens
474 4006 684 4066 alexandrinus.
698 4005 727 4060 in
742 4004 784 4064 llis
796 4005 927 4063 limitibus
940 4006 1006 4063 niltii
1021 4014 1095 4086 vetut
1146 4005 1237 4076 potius
1260 4005 1392 4062 attinentis
1406 4020 1529 4076 persone
1553 4009 1792 4082 representatione
1803 4010 1948 4081 primaria·

294 4105 322 4160 in
342 4102 471 4164 Ecclesia>
486 4100 623 4171 primeue
635 4099 777 4170 disciplina
797 4099 861 4178 quin
872 4099 917 4157 alii
930 4117 1036 4173 quoque
1048 4116 1096 4176 pe-
1147 4114 1206 4158 turn
1222 4114 1330 4173 quoqqe
1348 4100 1455 4158 uidetur
1468 4102 1654 4173 apostolorum
1679 4105 1754 4176 origo
1779 4104 1947 4170 deducenda.

294 4196 426 4270 regrinari
438 4195 542 4268 possint
551 4192 682 4268 episcopi.
694 4191 765 4262 Quid
778 4193 849 4266 quad
860 4194 942 4254 etiam
957 4194 986 4254 S.
995 4194 1095 4272 Paulus
1149 4193 1305 4266 Principum
1318 4195 1454 4268 satellites
1468 4195 1594 4264 dicuntur
1606 4214 1720 4270 quormq
1735 4199 1761 4260 ld
1775 4199 1892 4264 alliciunt
1906 4210 1950 4260 est

297 4289 321 4364 (l
332 4290 402 4356 Cur,
419 4304 472 4359 ιι,
489 4286 532 4360 ill)
553 4303 615 4345 cum
629 4301 660 4343 sc
671 4285 792 4357 reliquos
806 4287 945 4360 aposlolus
959 4286 986 4344 in
1003 4288 1095 4350 laboro
1148 4294 1176 4340 ut
1200 4286 1366 4360 principibus
1391 4301 1483 4346 coram
1505 4287 1609 4355 adlini,
1625 4302 1790 4362 semperque
1812 4291 1840 4348 in
1853 4305 1949 4350 corum

296 4397 439 4455 superasse
451 4380 608 4446 conlerrdit,
624 4379 650 4436 id
674 4387 748 4436 certe
761 4379 905 4454 maniiesle
920 4381 1024 4452 innuit,
1041 4397 1095 4442 non
1148 4377 1492 4449 conspectuabuersentur.
1505 4377 1667 4448 inurbanitas
1677 4380 1947 4456 principaminlucri,

296 4491 358 4540 esse
378 4476 543 4546 reliquorum
568 4472 754 4545 apostolorum
776 4472 884 4536 labores
906 4489 922 4530 e
943 4489 993 4534 sua
1017 4476 1096 4534 unius
1147 4479 1230 4542 atque
1244 4469 1278 4526 sb
1299 4486 1395 4527 corum
1414 4471 1534 4529 uultibus
1546 4471 1695 4546 procedere
1713 4471 1851 4530 dicuntur.
1873 4473 1949 4543 Quas

296 4568 422 4639 exemplo
435 4565 620 4626 estimandus.
634 4564 760 4642 Singulos
773 4564 807 4642 ab
821 4565 869 4640 illo
879 4578 1022 4642 superatos
1035 4583 1097 4634 esne
1107 4570 1137 4650 1)
1149 4562 1240 4620 rullus
1257 4562 1393 4634 appellant
1407 4565 1568 4642 interpretes
1582 4564 1677 4633 latini,
1691 4579 1739 4622 eos
1758 4569 1825 4642 nile
1837 4581 1886 4638 pro
1899 4581 1950 4624 sun

297 4661 417 4731 apertius
430 4668 560 4731 estquam
579 4666 608 4714 ut
621 4657 656 4713 ιιι
671 4672 705 4714 eo
715 4656 832 4716 dubitari
850 4659 945 4729 possit.
961 4659 999 4720 ita
1014 4661 1095 4734 ctiam
1149 4655 1278 4732 idiorurate
1291 4657 1402 4714 lrcbrei.
1420 4655 1487 4712 Eam
1509 4672 1602 4716 rocem
1619 4658 1759 4734 ηιρόσωσον
1778 4657 1895 4715 reddunt
1909 4659 1951 4734 iq·

297 4755 356 4827 ejus
366 4754 446 4812 uerba
460 4752 572 4825 iutelligi
580 4757 693 4824 possunt
703 4761 732 4807 ut
741 4765 838 4807 annues
846 4751 967 4825 omnium
979 4753 1096 4828 labores,
1149 4759 1287 4822 terpretes
1305 4750 1398 4823 greci.
1411 4748 1466 4807 Pro
1479 4764 1512 4804 eo
1523 4749 1675 4822 principum
1691 4764 1767 4807 mure
1781 4750 1829 4808 [lei
1842 4757 1950 4824 quoq'ue

298 4849 379 4906 ctiam
402 4849 549 4914 collectus,
571 4845 651 4919 longo
664 4854 726 4918 post
738 4859 769 4901 sc
788 4844 932 4912 interuallo
946 4848 1096 4918 reliquerit.
1148 4844 1294 4917 presentia
1313 4844 1478 4918 tulujestatica
1498 4844 1588 4899 vuitus
1601 4844 1731 4916 iacieique
1745 4844 1911 4918 metaphoris
1922 4845 1950 4901 in

295 4939 326 4999 ld
350 4941 373 5000 si
396 4956 490 4998 vertum
512 4940 564 5006 sit,
589 4939 753 5018 reliquorum
782 4939 967 5010 apostolurum
991 4941 1098 5002 labetes
1150 4937 1289 5009 Scriptura
1304 4936 1492 4992 obumbratur.
1514 4934 1596 4992 Panis
1610 4937 1800 5008 propositionis
1819 4935 1896 5007 panis
1911 4935 1953 4992 ia-

295 5048 403 5106 aequarc
416 5039 540 5105 poterant
553 5031 684 5104 episcopi.
700 5030 829 5103 AEquauit
841 5031 956 5092 luctasse
970 5034 1099 5110 Polycap·
1150 5029 1252 5088 ciccum
1268 5028 1430 5100 appellatur,
1445 5042 1540 5086 eurum
1556 5043 1653 5100 nempe
1672 5029 1797 5100 proprius
1811 5027 1856 5100 qui
1872 5027 1950 5097 prin·

297 5140 358 5198 pus,
374 5140 434 5181 cum
448 5141 463 5180 c
475 5124 590 5196 sinino
603 5138 650 5180 sua
662 5123 775 5180 Romam
790 5123 840 5182 sub
856 5126 971 5188 lnicero
985 5135 1098 5186 eonten-
1150 5122 1240 5192 cipum
1266 5118 1465 5188 continensaies
1495 5121 1602 5176 liercnt.
1618 5119 1736 5191 Angelus
1750 5118 1901 5190 presentie
1921 5121 1949 5182 in

296 5220 384 5287 derel,
399 5218 461 5276 inde
475 5216 596 5273 iortassis
609 5217 635 5275 in
651 5217 766 5276 Galliam
782 5217 1001 5290 Lugdunensium
1022 5222 1097 5280 iliani
1149 5213 1281 5286 propltela
1300 5212 1371 5272 idem
1392 5222 1434 5270 cst
1450 5214 1496 5286 qui
1518 5213 1565 5270 [lei
1582 5213 1674 5270 laciem
1690 5212 1788 5270 intueri
1803 5211 1903 5272 dicitur
1923 5215 1950 5270 in

297 5311 544 5379 ilentrensiutuque
554 5308 764 5368 cluristiunurum
776 5310 910 5370 coloniam
919 5311 1095 5383 deducturus.
1150 5305 1307 5378 Evangelio·
1317 5303 1353 5362 Ut
1363 5314 1453 5364 :tillem
1466 5320 1514 5376 ιιι
1523 5305 1679 5363 bibliorum
1690 5305 1820 5384 dignitate
1832 5306 1867 5364 de
1878 5305 1951 5377 pritt-

297 5400 375 5457 Nulla
389 5411 463 5460 certe
479 5401 614 5472 primevae
638 5400 767 5462 Ecclesie
790 5401 898 5462 indubia
921 5388 1095 5466 nannumeuta
1148 5398 1239 5472 cipum
1261 5406 1320 5458 crat
1332 5398 1497 5458 contumelia
1510 5398 1697 5470 iudicandum,
1719 5413 1753 5457 co
1768 5399 1950 5474 graviorique

297 5490 411 5556 sitndettt
427 5492 506 5562 buius
520 5489 600 5549 unitus
612 5491 718 5548 labores
731 5491 897 5564 reliquurptn
911 5497 1095 5568 apostulorum
1148 5496 1259 5550 tunitius
1286 5492 1384 5550 luisset
1410 5494 1586 5561 ironoralior;
1612 5495 1647 5550 lta
1670 5494 1694 5550 is
1721 5494 1832 5556 itonnris
1850 5492 1951 5566 gradus

297 5580 435 5640 laboribus
455 5582 538 5644 luisse
564 5582 717 5646 interiores.
738 5582 830 5656 Longe
854 5594 942 5646 tanuen
964 5590 1042 5648 abest
1065 5599 1096 5648 ut
1148 5600 1270 5650 suasimus
1283 5596 1362 5664 erat,
1387 5586 1410 5643 si
1426 5586 1485 5658 quis
1500 5597 1573 5642 csset
1587 5586 1614 5642 in
1634 5586 1788 5660 principum
1802 5593 1952 5656 conspectu

296 5672 457 5745 episcopalis
471 5675 552 5734 ollicii
577 5675 647 5736 taes
661 5678 820 5745 excesserit,
837 5679 879 5736 nel
896 5690 924 5744 ιι
938 5696 972 5740 ιι
984 5685 1094 5745 nustriae
1147 5678 1391 5751 frequentissimus.
1404 5678 1456 5748 Qui
1468 5679 1550 5760 igitur
1562 5696 1578 5738 e
1592 5680 1723 5754 principis
1735 5677 1811 5738 uultu
1824 5693 1952 5751 egressus

297 5767 371 5826 illum
384 5775 507 5826 sclerum
526 5768 657 5842 quispiam
672 5768 887 5844 reprehenderit.
903 5772 968 5846 Quae
980 5789 1043 5834 cum
1057 5777 1094 5840 ita
1146 5771 1293 5844 diceretur,
1309 5771 1386 5832 illum
1404 5770 1428 5832 sl
1443 5771 1503 5847 quis
1518 5771 1608 5834 minus
1629 5771 1777 5842 bonorilice
1796 5779 1951 5849 tractasset,
