4150 6250
162 275 216 333 mi
822 275 924 334 librili
941 275 1132 337 SECUNDUS.
1755 281 1813 341 its

160 392 288 459 censetis.
304 407 409 463 uerum,
422 394 493 466 quod
515 394 622 466 erarius
641 394 726 452 molto
746 404 796 464 est,
812 393 992 457 addidistisA
1006 394 1086 451 tionis
1098 402 1215 451 amotum
1230 405 1285 464 esi,
1300 393 1377 452 ilicet
1392 393 1518 451 omnibus
1536 393 1672 453 ambiatur
1692 395 1811 457 dammis

160 499 267 553 causas,
282 488 379 559 quibus
402 498 430 545 ei
446 489 509 545 sitia
530 496 733 555 crescencium
754 487 958 545 inemendabilis
1007 487 1164 544 torrentium
1187 487 1344 558 dominum,
1367 485 1491 543 troliaiur
1509 487 1537 544 iu
1559 501 1656 555 coeno,
1678 502 1808 547 saxorum

160 580 280 649 nequitia
293 591 476 651 permaneret.
487 582 554 652 Quis
565 593 606 639 est
617 582 688 639 enim
702 581 852 642 hominum.
865 563 957 653 quam·
1008 581 1204 637 imminentium
1219 581 1386 644 easibiis‚et
1406 581 1564 636 immanium
1588 581 1719 639 montium
1743 597 1812 655 ope·
1866 577 1870 584 '

159 660 202 728 ‘iis
216 671 262 728 ille
281 673 316 728 sii
334 673 433 731 indolis
452 675 588 730 intantum
600 683 614 712 ι
630 689 737 741 semper
750 684 830 745 atque
845 674 959 746 ignomi-
1009 675 1093 730 riatur
1118 675 1219 738 ruinis,
1244 675 1375 730 illibatum
1400 689 1512 731 neeesse
1534 685 1575 731 esi
1603 688 1759 743 permaneat
1782 685 1811 735 ei

161 765 239 820 niusa
253 764 521 837 litgieiitis,oui,ctim
533 766 959 836 uiciexaudiatvtrtsabsapieo-
1009 766 1157 834 intactum,
1172 781 1260 837 neque
1281 765 1364 821 ullum
1385 779 1494 821 sensum
1516 765 1663 822 nioriilerae
1678 767 1811 838 passionis

136 893 144 908 .
162 855 234 912 tibus
255 858 372 915 maxime
392 856 559 914 immortales
572 859 677 914 animus
694 872 766 925 esse,
781 857 958 915 oculatorum
1009 873 1159 916 assumere.
1171 859 1261 929 Quidi
1274 859 1346 931 qtiod
1362 859 1411 915 ista
1427 861 1568 930 persuasio
1582 877 1636 917 non
1651 870 1755 918 tautum
1769 870 1813 919 est

159 962 223 1006 esse
235 949 366 1006 obrroiias
378 949 494 1022 legibus,
512 967 566 1007 non
578 953 605 1006 iu
620 951 710 1007 omnia
724 950 823 1023 flagitia
839 967 959 1025 preceps
1009 950 1147 1007 incitatrix
1159 951 1192 1006 ad
1208 951 1272 1005 iiiia
1289 951 1414 1008 libertate
1426 966 1460 1008 ex
1475 952 1531 1023 ipsa
1552 953 1700 1021 peccandi,
1714 970 1810 1012 rerum

160 1054 191 1097 se
203 1049 274 1110 mai,
290 1057 343 1098 non
358 1042 532 1114 intrepidusl>
548 1059 592 1100 res
604 1044 685 1100 obeat
697 1054 778 1115 atque
790 1046 961 1115 aggrediatur
1009 1045 1089 1100 eiiam
1113 1045 1290 1119 piliusopniae
1311 1050 1396 1120 ipsius
1419 1066 1528 1108 causam
1552 1052 1630 1120 tollii,
1645 1062 1674 1109 et
1695 1054 1812 1112 inaniter

161 1132 286 1188 illicitas?
301 1150 354 1189 noo
368 1132 486 1202 dunione
506 1135 595 1190 omnia
617 1136 674 1192 suis
696 1135 888 1208 cupiditatibus
906 1136 960 1193 iar·
1009 1152 1069 1194 cani
1083 1139 1182 1208 sirscipi
1196 1146 1389 1213 supervacanei
1408 1157 1419 1185 ι
1435 1147 1527 1216 operis
1540 1145 1700 1203 diliicultate
1720 1147 1811 1204 deela-

160 1224 264 1297 giaiui.
286 1242 347 1297 uum
373 1227 456 1284 libido
480 1229 615 1299 impotens
638 1231 766 1298 jusserit.
794 1232 960 1302 impunitatis
1010 1247 1061 1290 rui.
1074 1235 1140 1291 Nam
1152 1237 1176 1293 si
1191 1253 1284 1293 rerum
1300 1248 1352 1306 est,
1366 1241 1471 1296 animas
1485 1241 1584 1296 nullius
1596 1253 1657 1296 esse
1667 1239 1812 1313 participes

159 1327 290 1390 praterea
303 1320 385 1376 etiam
398 1321 522 1379 libertate
532 1323 654 1378 munita?
665 1322 734 1391 Quid
748 1324 820 1380 enim
837 1324 960 1394 probibe·
1011 1328 1087 1395 ilnis,
1100 1340 1128 1387 ct
1141 1347 1202 1387 cum
1218 1334 1343 1388 omnibus
1364 1335 1471 1388 emeritis
1492 1349 1612 1390 urorum
1628 1333 1812 1405 perpetuitate

157 1409 208 1480 bii,
222 1412 365 1477 orontius
377 1412 436 1469 liaee
451 1413 549 1470 iaciat?
562 1425 651 1473 metus
664 1431 790 1487 superum
805 1419 958 1486 potestatis,
1010 1425 1180 1494 procedere:
1195 1427 1260 1497 quid
1276 1426 1388 1498 periculi
1409 1441 1453 1482 res
1469 1427 1549 1482 babet
1561 1429 1726 1497 contemptis
1739 1441 1809 1497 prie-

155 1500 339 1576 Judiciumque
353 1504 496 1562 diiiiuumi
509 1506 543 1563 Ei
556 1508 617 1579 quis
632 1510 852 1578 poteritterriiari
869 1511 960 1567 iuimi-
1010 1517 1199 1590 immissisque
1214 1520 1367 1587 virtutibus,
1383 1518 1481 1590 uiribus
1495 1529 1537 1577 est
1552 1521 1716 1577 contractior
1728 1533 1812 1591 atque

158 1593 231 1651 diuis
250 1595 365 1667 alicuius
386 1599 507 1664 iiorrore,
524 1598 568 1656 eui
584 1601 848 1673 lueritpersunsum,
862 1614 916 1660 tam
930 1619 960 1662 se
1010 1607 1146 1667 horridior
1160 1611 1229 1675 viu.
1246 1613 1428 1684 roliipmiibus
1449 1626 1479 1667 se
1499 1612 1580 1675 dare,
1601 1627 1633 1668 ac
1654 1628 1703 1684 per
1722 1612 1812 1668 omnia

158 1702 220 1745 esse
244 1691 441 1755 immortalem.
456 1708 537 1765 qiiam
552 1694 640 1766 ipsum
660 1696 743 1752 Deum
758 1697 893 1769 primum,
909 1714 959 1755 neo
1010 1700 1151 1759 libidinum
1173 1719 1272 1774 genera
1291 1704 1451 1760 effrenatum
1467 1717 1597 1775 spargere
1611 1704 1751 1759 immensae
1763 1717 1811 1760 cu·

157 1780 194 1836 ab
217 1796 251 1837 eo
271 1781 386 1851 judicari
407 1783 551 1855 quidquam
565 1786 642 1842 dese
655 1802 738 1859 posse
752 1806 759 1843 ι
774 1803 836 1845 cum
857 1790 893 1845 sit
907 1805 959 1846 uua
975 1787 998 1849 B
1012 1793 1132 1864 pidiiaiis
1145 1796 1289 1852 ardorem?
1302 1796 1340 1853 Ne
1354 1796 1459 1855 deliciis
1472 1808 1602 1866 mamcai,
1616 1809 1644 1855 et
1656 1814 1813 1870 corrumpa-

157 1872 347 1931 immortalitas
360 1876 386 1932 in
402 1885 528 1950 utroque,
541 1893 592 1935 nec
605 1880 631 1934 in
645 1879 758 1937 alterius
769 1880 852 1939 altera
864 1884 958 1940 condi·
989 1943 995 1950 ,
1011 1894 1054 1942 tur
1067 1887 1236 1944 mollitudine
1250 1889 1393 1945 uitiorum?
1407 1891 1440 1946 lii
1454 1906 1506 1962 qua
1521 1891 1620 1962 poterit
1631 1890 1737 1947 ratione
1749 1904 1813 1947 cor·

156 1967 240 2024 tionis
252 1970 337 2039 possit
352 1971 505 2040 equalitate
515 1971 626 2027 rexurii
1009 1980 1098 2053 rumpi
1114 1980 1151 2045 id,
1167 1981 1238 2053 qirod
1252 1983 1415 2052 immortale,
1430 1984 1502 2056 quod
1516 2000 1624 2057 semper
1637 1994 1689 2052 esi,
1703 1995 1731 2042 ei
1745 1984 1814 2042 nulli

193 2060 280 2116 xxx.
294 2061 347 2119 Sed
363 2074 519 2119 memoratae
533 2064 604 2135 apud
616 2065 718 2123 inieros
730 2082 835 2136 poetiae,
849 2078 878 2125 ei
894 2083 958 2141 sup·
1010 2072 1157 2129 obnoxium
1172 2075 1309 2144 passioni?
1323 2093 1358 2133 ne
1372 2077 1521 2144 sordescat,
1536 2088 1565 2135 ct
1584 2079 1720 2149 polluatur
1729 2079 1815 2136 aoiio·

155 2158 300 2231 plieiorum
320 2159 467 2232 generibus
486 2159 686 2222 multiformes?
709 2161 808 2232 Ecuuis
830 2165 883 2221 erit
902 2174 957 2222 iani
1012 2164 1205 2236 nnmiurpium
1220 2166 1357 2225 loediiate?
1372 2169 1672 2241 Eiquipoteritpollul,
1685 2185 1814 2242 corpora·

156 2251 261 2314 britius,
278 2260 306 2308 ei
326 2267 417 2309 rerum
431 2253 641 2325 consequentias
655 2255 789 2319 nesciens,
802 2257 958 2328 unianimis
1011 2259 1064 2317 lem
1076 2261 1147 2331 ouod
1158 2263 1335 2320 substantiam
1345 2263 1498 2329 nonhabet,
1508 2264 1607 2321 autubl
1619 2264 1815 2323 sedcmconu·

157 2342 578 2414 incorruptibilibuseredat.aut
589 2347 715 2404 tenebras
726 2359 857 2406 tartareas
877 2364 956 2421 posse
1007 2352 1119 2408 minatio
1129 2369 1240 2424 ponere,
1251 2356 1296 2411 ubi
1307 2357 1422 2427 spatium
1433 2356 1536 2412 nullum
1546 2357 1697 2428 esi,ioquo
1707 2365 1812 2415 noiase

157 2435 260 2507 aliquid
276 2451 385 2504 nocere,
396 2446 441 2494 aui
454 2436 548 2509 igneos
558 2437 665 2509 lluiios,
676 2447 723 2495 aut
736 2442 854 2497 coeoosis
863 2444 956 2516 purgi-
1007 2445 1094 2517 possit
1108 2447 1192 2518 ipsius
1206 2450 1445 2506 cortiamiuatiouis
1458 2449 1569 2523 ailigere
1579 2449 1614 2504 di
1630 2449 1734 2508 lirtrsus
1749 2466 1815 2509 acro

158 2527 234 2585 tibus
251 2527 374 2599 paludes,
390 2538 438 2584 aut
449 2538 569 2586 rotarum
582 2531 739 2588 uiiumitunt
757 2534 957 2604 circumactusi
1008 2541 1032 2597 si
1053 2540 1151 2598 animm
1172 2542 1237 2599 letbi
1261 2543 1360 2600 adeunt
1379 2547 1485 2615 ianuas,
1502 2543 1610 2616 Epicuri
1633 2551 1661 2600 ui
1675 2546 1809 2602 sententia

158 2619 320 2693 Quodcniiu
335 2620 490 2694 contiguum
505 2636 559 2679 non
574 2633 665 2693 usust
677 2625 711 2680 ab
725 2625 956 2697 legibuedissolu·
1007 2631 1144 2701 delinitor,
1159 2650 1209 2691 nee
1228 2637 1268 2692 sic
1289 2652 1370 2694 eausa
1389 2645 1433 2694 est
1458 2648 1627 2709 cunipeiens,
1647 2652 1697 2695 our
1720 2637 1814 2711 expeti

779 2762 969 2827 Lectiones
984 2769 1194 2831 veniemus.

192 2873 207 2904 ⁸
224 2871 332 2924 inlautum
353 2873 424 2925 l’ulti.
436 2872 533 2926 lnbmia
546 2875 580 2924 lu
604 2912 623 2947 .·
644 2876 674 2925 B.
697 2878 761 2943 prmo
784 2877 959 2945 recipieodmu.
1047 2888 1118 2939 elto
1131 2887 1202 2941 ruo.
1215 2903 1368 2952 superuacua
1390 2907 1435 2946 uis.
1448 2894 1539 2947 elSui.

189 2935 205 2974 ¹⁸
222 2936 332 2988 &curus
348 2949 392 2989 uia.
406 2938 564 3002 Uirumqueii
583 2937 618 2990 ilii
629 2938 706 3004 lupo.
725 2941 754 2991 li.
1047 2948 1061 2988 u
1077 2949 1206 3014 adiuuere
1217 2951 1288 3006 uuio.

852 3048 1132 3116 COMMENTARIUS.

159 3165 345 3233 consilinum,
361 3174 409 3221 ele.
424 3164 632 3223 molemonium
645 3166 743 3221 ooniitti
759 3173 801 3222 esi
815 3181 880 3222 iano
895 3170 953 3241 opi·
966 3169 990 3235 C
1005 3172 1048 3227 liri
1071 3180 1115 3228 τοῦ
1139 3181 1237 3251 τροχοῦ
1261 3173 1425 3250 &soporiferum
1445 3179 1486 3232 uui
1510 3176 1647 3253 cupitarum
1674 3175 1813 3232 luliarum

160 3236 219 3302 nio,
233 3235 376 3291 estimatio
391 3252 479 3292 rerum
496 3238 624 3292 inanium.
640 3238 741 3293 Onnut.
1007 3243 1171 3318 ἁνωιλώμινοι
1188 3248 1303 3303 buna.
1320 3246 1441 3303 nonum.

197 3308 318 3374 Qunomir
330 3307 375 3362 ille
387 3308 419 3363 cit
436 3307 531 3363 iiulolr'e
544 3309 652 3381 iuiumio
674 3325 773 3378 temper
791 3318 867 3379 cique
883 3311 957 3383 iquo-
1045 3338 1178 3392 Ampium,
1197 3306 1309 3407 Μὴ

160 3380 270 3433 miniosa
282 3380 413 3451 sirpiculis,
425 3390 478 3435 eis.
492 3379 682 3450 Philosophia).
698 3379 764 3436 Num
783 3381 919 3438 abolitioni
940 3400 956 3438 it
1312 3379 1319 3392 ’

160 3450 312 3532 peccatoris
332 3450 454 3506 nonnulli
473 3466 612 3518 pmiiarum
637 3451 800 3516 loriniiliue;
826 3453 871 3507 alii
894 3454 956 3511 uitia

159 3530 403 3590 tpsauasecrauiur
426 3531 453 3577 et
478 3521 663 3588 detestantium
685 3522 730 3577 alii
750 3522 866 3592 denique
885 3522 956 3579 iula-

160 3591 241 3647 utiam
257 3601 380 3647 metuunt
390 3600 418 3647 ct
429 3592 553 3648 sinistros
565 3593 599 3648 de
611 3608 641 3649 se
655 3608 797 3658 rumores,
819 3607 900 3666 atque
915 3596 956 3651 id·

160 3663 233 3718 circo
245 3663 327 3718 rebus
339 3661 478 3727 liauiiimis
491 3664 636 3721 abstineut.
649 3664 679 3720 lli
693 3675 755 3719 simi
768 3677 868 3722 tenerae
883 3667 957 3723 iron-

161 3733 195 3787 iis
209 3733 342 3800 boriiities,
356 3736 475 3797 ἐπιεικεῖς
487 3745 567 3806 :iique
594 3734 740 3809 «idipsam,
755 3752 824 3806 nuos
842 3735 957 3807 iiitprobi

160 3802 258 3866 icelii,-
285 3815 365 3875 atque
390 3807 489 3861 inertes
516 3806 702 3870 arbitrantur,
730 3809 957 3875 quemadmodum

160 3886 255 3931 cortica
267 3879 327 3938 τοὺς
341 3879 529 3950 &maxilianus
546 3886 702 3932 constantes
716 3889 743 3931 ei
755 3877 894 3955 ἀνδρείους.
912 3880 957 3935 ilis

159 3945 242 4032 igitur
258 3950 347 4002 inritis
363 3948 492 4004 describit
511 3947 646 4004 llrtiubius
668 3949 805 4002 boninum
827 3949 956 4023 αἰδήμονα.

1345 3337 1443 3394 Annon
1471 3335 1616 3408 legendum
1641 3337 1814 3394 uniburniur?

1008 3408 1085 3478 Quod
1104 3409 1216 3464 ueritum
1238 3410 1375 3480 proprium
1391 3409 1425 3463 tle
1442 3410 1485 3476 iis,
1505 3407 1551 3471 riui
1566 3408 1723 3464 cruciantur
1740 3409 1809 3481 igni,

1009 3496 1063 3534 non
1077 3480 1155 3545 plane
1167 3489 1310 3547 necamur,
1324 3479 1396 3551 quod
1411 3492 1452 3536 esi
1468 3479 1623 3534 comburere.
1638 3478 1740 3535 Onesi..

1046 3549 1179 3605 illibatum
1199 3567 1298 3605 uerrere
1315 3564 1352 3605 eti
1371 3561 1518 3621 peromnem
1536 3561 1559 3605 ct
1578 3551 1714 3618 ituocumi,
1734 3567 1813 3620 neque

1009 3622 1093 3677 ullum
1116 3639 1218 3677 rentum
1240 3625 1379 3693 mortiferae
1402 3622 1530 3685 parrionis
1554 3637 1694 3676 utsuiiiere.
1723 3620 1811 3677 Proba

1010 3693 1102 3750 lectio.
1130 3692 1197 3747 Nam
1224 3694 1269 3764 qui
1297 3693 1471 3749 scribendum
1499 3693 1657 3747 existimaui
1684 3702 1809 3759 ouuiiiut,

1011 3765 1092 3835 plane
1113 3764 1249 3820 luliuntur.
1274 3764 1319 3819 llis
1339 3764 1483 3820 modorum
1507 3763 1703 3823 uiolatiouibus
1717 3762 1810 3819 deleo·

1010 3846 1102 3890 tantur
1116 3834 1172 3889 itii-i
1185 3835 1341 3904 scriptores.
1358 3838 1449 3890 luira:
1465 3833 1556 3906 linque
1571 3851 1629 3889 cuni
1642 3833 1714 3889 uobis
1726 3834 1811 3888 inteu-

1011 3906 1078 3960 dutir
1088 3906 1244 3960 uuuuoueiu
1256 3921 1289 3960 ex
1302 3906 1426 3975 scipione
1439 3906 1567 3975 priorum.
1580 3922 1683 3961 curucam
1695 3906 1800 3960 ceuucui

159 4017 195 4072 hs
258 4018 263 4029 .
337 4017 373 4076 3,
499 4021 504 4031 .
596 4020 602 4033 .
652 4018 791 4075 .ἰ,δ,
889 4022 895 4040 ,
1010 3987 1038 4031 ut
1061 3976 1213 4042 inspiciatis,
1234 3993 1285 4030 uon
1306 3981 1425 4061 [W‘mt
1441 3993 1487 4031 ricc
1509 3978 1571 4060 uuiti
1594 3979 1809 4060 relinquerentur,

198 4027 293 4073 ‘emm
317 4041 342 4074 α’
358 4042 446 4091 'W’
460 4033 505 4091 ‘¹¹¹¹
520 4031 614 4074 ''¹⁰¹⁰'‘
629 4041 661 4074 τα
675 4040 685 4073 ⁸
698 4041 710 4082 ἲ
722 4042 738 4074 α
755 4021 820 4085 &w
830 4043 959 4103 iim*
1010 4064 1025 4102 o
1047 4063 1156 4115 potiere·
1170 4048 1215 4100 red
1234 4059 1311 4103 terrui
1324 4049 1385 4109 uuiti
1402 4064 1492 4114 etnim,
1511 4058 1669 4116 potisuuiuiii
1685 4057 1809 4104 contueri.

159 4091 260 4172 iiim·
278 4098 307 4143 ¹¹²
321 4088 415 4145 (ΜΝ
427 4091 597 4157 Al¹⁸¹⁰¹⁸¹⁰⁸r
615 4090 639 4143 Μ
652 4102 694 4144 ⁰⁸¹
707 4092 750 4159 ‘¹¹⁸⁶
762 4091 869 4161 ''nim‘'
883 4104 958 4163 ‘'¹¹1¹“
1036 4133 1133 4174 sntio.
1145 4148 1181 4160 -
1200 4117 1248 4173 lis.
1264 4132 1312 4189 pro
1324 4119 1462 4182 illibatum,
1477 4117 1548 4187 quod
1560 4128 1603 4172 esi
1613 4134 1629 4172 e
1641 4120 1812 4175 correctione

158 4160 329 4244 'W'm'nfm
343 4161 418 4244 suin·
436 4172 463 4244 ¹¹¹.
478 4161 752 4244 !⁰‘¹'¹³¹¹¹'A''¹⁰b³¹¹⁸·
770 4161 890 4218 ΗΜ·
932 4234 938 4247 ,
1010 4189 1127 4256 Geleuii,
1152 4191 1262 4244 illumin
1283 4200 1378 4245 iumen.
1401 4188 1639 4246 Oasin-Cous.
1662 4188 1751 4260 luipp.
1775 4190 1811 4247 ad

196 4228 260 4287 Nori
272 4248 298 4285 ui
309 4233 422 4301 oituiiupl
456 4243 501 4287 iim
510 4247 622 4302 precept
633 4241 736 4287 reruni.
750 4232 812 4287 llaec
824 4248 863 4289 esi
879 4235 958 4291 lecito
1010 4261 1078 4317 Livii
1093 4276 1149 4322 m·
1161 4262 1205 4317 59,
1220 4260 1356 4317 mmm,

159 4249 955 4387 ieiu‹‚.qiiaiiinoii‘ifeliucratmutarchleuius.Usurpn·
1185 4354 1189 4365 .
1295 4354 1301 4364 .
1395 4339 1487 4365 ι..
1703 4351 1709 4363 .
1818 4342 1821 4346 ⁴

158 4380 205 4429 iiic
215 4389 288 4429 eoitn
301 4374 352 4428 line
363 4373 472 4429 verbum
488 4375 682 4443 saepissuueiir
700 4384 819 4449 γητικῶς.
834 4376 955 4434 Henttn.
1052 4350 1144 4406 Verum
1157 4363 1233 4407 ‘'¹⁰¹''
1251 4351 1426 4421 '’mmm“
1436 4367 1517 4422 'im'
1531 4367 1637 4406 “mmm
1652 4352 1729 4406 mm·
1746 4350 1811 4408 ΗΜ

158 4441 204 4500 55„
218 4446 317 4500 imm
330 4446 434 4506 amm,
449 4445 494 4499 rib·
513 4461 537 4509 ὴ
565 4448 638 4514 (cap,
692 4458 700 4515 5
726 4447 804 4501 (Hm,
826 4447 958 4518 spem,
1010 4425 1182 4495 explicantur
1210 4425 1298 4496 cupite
1318 4423 1453 4493 sequenti,
1478 4423 1520 4479 liis
1545 4422 1660 4478 verbis:
1685 4420 1811 4478 llerir'etur

160 4524 239 4575 icore,
254 4531 389 4587 corerqere,
403 4516 466 4584 ulio,
478 4516 598 4584 plautus,
615 4517 753 4586 Apuleius,
769 4519 824 4574 affl,
838 4518 955 4587 Menas,
969 4489 1069 4565 Deroo
1081 4497 1208 4579 oriudum,
1223 4495 1408 4582 conuiuiorum
1421 4510 1515 4565 nuccpa
1533 4494 1703 4566 umbipuuque
1718 4503 1812 4548 uoiuru

160 4585 188 4640 iu
203 4586 325 4657 append,
1009 4565 1092 4621 locuni
1106 4565 1277 4634 plirlompltue
1289 4574 1399 4641 peperit,
1414 4576 1438 4621 et
1447 4582 1563 4633 courum,
1576 4582 1622 4621 cur
1633 4575 1809 4638 appeteretur,

197 4657 334 4726 Sepone.
358 4657 394 4713 lia
416 4657 566 4715 Salmasius
580 4674 613 4715 ex
630 4659 821 4716 emendatione
835 4659 956 4717 lleursii.
1007 4639 1110 4694 ‘'¹⁹²⁸“
1128 4636 1248 4694 ”mul-

159 4729 213 4787 uiti
226 4747 234 4785 ε
247 4731 373 4798 superbie.
387 4729 440 4785 iliu
452 4746 460 4783 z
474 4746 581 4798 surieroe.
596 4729 697 4786 Onntt.
1043 4732 1080 4785 Ac
1101 4747 1146 4800 per
1166 4732 1252 4786 aronio
1273 4732 1407 4786 libidinum
1420 4748 1512 4804 putero
1525 4730 1676 4797 ciircuuium
1689 4744 1811 4800 aperuere

197 4798 283 4855 xxti.
307 4831 343 4841 —
371 4801 426 4856 Sed
450 4812 597 4856 cocomario
621 4802 691 4872 upurl
711 4802 809 4873 inferos
829 4818 910 4869 poento
934 4814 957 4858 et
1007 4802 1298 4870 iiiiiueuuecupiditntir
1311 4803 1439 4857 ardorem.
1455 4803 1494 4858 lix
1507 4802 1638 4857 allluitaie
1657 4802 1809 4857 litterarum

160 4872 347 4941 suppliciorum
371 4871 505 4954 pciteriliur
531 4872 718 4941 multiformes?
744 4872 851 4927 scilicet
880 4884 956 4943 piitc·
1007 4877 1120 4928 uerbum
1137 4874 1250 4942 periisse
1269 4885 1389 4937 autumo,
1404 4874 1475 4942 quod
1492 4891 1545 4928 nou
1566 4888 1659 4941 parum
1675 4870 1761 4939 possit
1774 4869 1809 4925 ad

160 4953 224 4997 rum
235 4957 298 4999 erim
313 4944 454 4999 territare?
464 4943 541 5009 Quod
553 4944 729 5013 repetentium
741 4958 775 4998 cx
785 4944 875 4999 uerbis
889 4959 958 5015 prm·
1007 4945 1195 5000 exitruaudum
1217 4954 1323 5014 tropum
1344 4960 1351 4996 ε
1372 4959 1459 5013 eoiiue
1481 4944 1604 4999 rescribo
1626 4961 1633 4997 ε
1656 4940 1810 5008 effrenatum

160 5013 320 5069 cedcniiltus
336 5034 342 5069 :
358 5014 392 5069 iii
404 5014 447 5085 qui
461 5016 553 5085 poterii
564 5014 677 5069 territuri
687 5015 833 5085 formidinis
845 5017 957 5089 alicujus
1007 5016 1115 5086 spatiari
1133 5017 1264 5070 immoriere
1282 5014 1431 5085 cupiditatis
1456 5014 1559 5068 rudore.
1585 5012 1715 5069 Geminus
1736 5011 1808 5080 apud

160 5084 288 5140 liorrorcl
301 5084 403 5142 Onstt.
1008 5097 1147 5142 auctorem
1166 5087 1237 5141 liuuc
1258 5087 1334 5141 locus
1355 5084 1402 5140 lib.
1423 5099 1461 5139 ts.
1486 5083 1601 5154 ideoque
1624 5085 1808 5139 atterendus:

196 5155 247 5209 Aut
270 5169 386 5212 rotarum
413 5156 561 5215 volubilium
585 5157 764 5211 circumactus.
793 5154 852 5212 lam
879 5157 958 5226 igitur
1009 5157 1093 5213 Deion
1107 5161 1242 5212 edomitae
1254 5156 1361 5230 (tmen
1378 5164 1443 5225 puto
1458 5152 1615 5226 llaximmii)
1628 5169 1649 5206 ei
1663 5169 1810 5217 neruimes

161 5229 330 5298 temporibus
346 5230 408 5297 illis,
424 5232 523 5295 unibus
538 5227 640 5281 iubulns
652 5229 717 5281 istos
732 5227 877 5298 llugobaiii,
895 5240 954 5283 coia
1009 5229 1143 5284 libidinum
1161 5230 1257 5300 sortitor
1275 5232 1429 5283 uicesimum
1447 5226 1616 5296 cupiditatum
1630 5224 1810 5309 circumegisse

161 5298 278 5367 poeualis
301 5300 327 5353 in
350 5317 399 5356 usu
420 5312 488 5356 erat.
512 5297 647 5367 Supplicia
666 5299 738 5354 euim
758 5299 903 5353 insciorum
923 5299 957 5355 ad
1009 5296 1670 5372 pellicium.spoliatorempruerratorecolloeatit
1683 5293 1808 5363 illuto,

160 5370 293 5439 supplicia
312 5372 464 5427 communia
485 5367 733 5428 acotiuimudabaui.
749 5369 815 5424 linita
831 5371 956 5440 poenalis,
1009 5370 1172 5427 testantibus
1185 5371 1312 5440 i'ompeio
1323 5368 1405 5425 Festo
1419 5378 1446 5422 et
1459 5366 1594 5422 llateroliio
1610 5365 1657 5420 lib.
1671 5381 1716 5421 ιιι.
1730 5366 1808 5435 lipud

160 5438 261 5507 dcitua
276 5441 407 5497 ridendus
420 5440 546 5511 Ciijarius
558 5439 651 5502 obss..
668 5441 715 5494 lili.
730 5456 770 5501 iit,
786 5439 871 5496 luerat
892 5442 957 5496 oliiu
1009 5442 1165 5498 Petronium
1186 5456 1294 5511 otioque
1313 5442 1338 5495 id
1360 5439 1482 5494 vocabuli
1505 5446 1643 5508 repertum
1673 5435 1740 5504 Vidi,
1758 5437 1808 5504 aii,

160 5524 241 5581 piena
257 5526 396 5568 scirorum
412 5516 535 5585 propium
551 5512 598 5566 sed
616 5522 706 5580 postea
722 5517 755 5565 aii
772 5513 889 5566 eruenda
903 5513 956 5567 cri·
1008 5514 1133 5584 qrrouiruu
1156 5513 1354 5581 courpniimues.
1381 5512 1526 5577 Susu'ncu.
1539 5538 1575 5550 —
1587 5506 1645 5563 Nou
1667 5522 1736 5578 opus
1760 5508 1811 5564 liae

160 5583 235 5637 niina
254 5584 282 5638 in
316 5585 491 5641 riestionitms
510 5583 641 5637 adbibita.
665 5582 849 5653 alligabamur
867 5596 957 5638 autem
1008 5587 1175 5651 ctiitjceiura.
1195 5583 1350 5651 lleuipbora
1369 5581 1448 5638 dueta
1468 5598 1483 5635 a
1502 5581 1626 5644 travibus,
1643 5594 1704 5650 otiu
1720 5580 1810 5635 ieritis

161 5661 228 5707 roim
250 5665 277 5710 ei
296 5599 522 5710 intendebantur
540 5673 547 5707 t
566 5662 648 5722 alque
669 5669 700 5707 ea
721 5662 844 5708 circitoria
866 5652 957 5725 ilignis
1008 5662 1171 5726 sparguntur
1187 5669 1234 5723 per
1248 5669 1367 5724 murima.
1383 5653 1484 5708 (insin.

160 5722 343 5781 caedebamur.
366 5725 444 5783 bride
457 5726 644 5805 capriloiciiu
659 5726 767 5792 proprie
779 5735 820 5781 esi
835 5726 954 5793 torqueri.
1046 5726 1076 5781 Si
1098 5725 1262 5780 ruimuieriu·
1279 5724 1374 5779 adeunt
1392 5727 1500 5795 iuuant,
1518 5720 1626 5794 Epicuri
1643 5729 1672 5776 ut
1685 5721 1811 5778 reuremm

159 5795 304 5853 Scliobast.
328 5798 464 5870 bristout».
487 5797 521 5854 ad
543 5797 605 5856 Pae.
629 5798 659 5854 ol
680 5794 762 5855 outo
784 5797 956 5872 apollinium,
1008 5796 1141 5855 diluitur.
1156 5798 1290 5868 Epicurus
1305 5796 1366 5853 scil.
1385 5795 1531 5866 statuebat,
1544 5795 1665 5854 animum
1679 5808 1731 5852 unu
1747 5808 1809 5851 cum
