4150 6250
302 273 356 337 sta
408 280 446 352 (t.
461 279 538 354 ebe.)

303 397 332 454 lu
348 400 501 471 supplicem
515 403 606 475 prodis
619 404 679 473 dei,
690 406 744 463 sub
753 416 864 479 aspectu
878 411 994 479 tyranni.

304 489 412 551 Senties
426 494 453 549 iu
467 492 530 553 latis
544 499 622 569 cuius
632 498 713 556 mdo
723 500 785 573 lege
798 502 913 573 iuvaris.

411 620 487 666 xtra.
507 617 547 651 ὲ-“
561 607 646 667 imre
661 609 807 679 urrdroutr'
825 615 991 673 elicuimus.

305 717 380 776 luter
393 715 535 792 utrbnlq'ue
548 727 647 793 putaui
658 724 738 783 dubie
752 725 865 784 virendo
879 729 985 800 cavere,

303 811 424 867 Nudatos
439 827 455 868 a
469 813 537 885 lege,
549 811 702 887 decrepiitls
716 815 780 874 llr'r'tu
801 813 941 891 praecedis.

305 901 357 959 Tot
369 918 438 959 vane
453 903 593 976 prospicis,
610 909 672 978 quid
685 912 782 976 quoeris
793 912 905 984 iniqua‘.l

306 993 341 1048 Et
353 992 482 1065 quidquid
496 991 573 1067 egisti
589 995 666 1055 istinc
678 1016 819 1058 remanere
839 1002 980 1070 delunclo,

307 1084 425 1155 Respice
441 1085 471 1141 tu'
483 1089 564 1145 stulte
578 1107 585 1143 ε
598 1101 652 1145 rrou
667 1093 738 1161 θέας,
752 1100 778 1148 ei
790 1105 854 1151 eece
868 1096 976 1153 riderie.

309 1176 386 1234 Unde
403 1180 556 1250 processior
568 1183 667 1247 neseis,
684 1187 736 1240 nee'
749 1186 819 1241 un'tle
834 1189 961 1256 trurriris·;

306 1270 345 1327 Tu
358 1272 442 1328 Deum
458 1275 597 1331 excelsam
607 1276 674 1348 logis
684 1287 736 1334 tttae
747 1280 808 1335 tilae
819 1281 975 1354 benigtlr'rtri,

305 1363 505 1439 Rectoremque
518 1378 604 1436 tuom,
618 1374 663 1440 qui
673 1379 703 1427 te‘
712 1374 797 1443 magis
808 1376 901 1432 virere
916 1365 1013 1435 veliet:

305 1455 396 1513 Vertis
410 1466 436 1515 te
450 1459 584 1516 infaciem
599 1471 627 1516 et
639 1459 749 1518 dorsum
763 1466 814 1521 deo
825 1468 940 1524 remittis
954 1487 963 1524 r

862 284 1078 348 consonant
1095 242 1366 357 tusruoertoles

1168 140 1185 168 V

1710 295 1837 386 (aab.)
1893 313 1947 372 cuo

1110 409 1225 472 &Vitas
1238 414 1333 485 agrum
1348 416 1485 488 pinguem,
1499 427 1526 477 el
1537 423 1621 479 sterili
1635 426 1740 481 se'tuina
1751 425 1847 498 jacias.

1153 504 1180 559 ln
1193 507 1268 578 sylva
1282 524 1390 565 manere
1405 514 1514 582 quaeris,
1523 511 1568 571 ubl
1578 517 1647 573 latro
1658 515 1789 577 inuratur'.

1153 594 1193 651 Tu
1205 596 1282 666 dicis,
1295 607 1322 654 et
1334 603 1387 672 c'go'
1400 597 1447 657 bei
1458 603 1517 659 {um
1527 620 1535 668 ;
1547 607 1574 661 c't
1583 605 1655 664 loros
1665 609 1788 669 oberras.

1154 688 1297 760 Ingredere
1312 691 1369 762 jum
1384 701 1456 752 nunc
1470 698 1549 754 totie's
1562 698 1687 757 invitatus
1701 704 1727 758 in
1742 704 1843 770 aulam.

1153 783 1318 857 blaturajaru
1333 790 1438 858 messis,
1452 800 1556 862 temp'us
1570 791 1733 867 totidemque
1745 813 1879 868 paratum.

1156 876 1226 934 Eece
1239 881 1318 934 ruodo
1332 890 1402 938 mete
1419 900 1425 936 τ
1441 883 1523 955 quid?
1538 897 1591 941 non
1607 897 1631 943 te
1647 887 1849 956 plenitet'liude

1111 979 1114 986 ’
1154 968 1275 1036 Nubaei
1291 983 1343 1028 uon
1356 973 1449 1043 babes,
1463 965 1560 1049 collige
1574 998 1581 1034 ε
1598 979 1730 1038 vindemia
1743 985 1815 1041 vitta.

1154 1064 1273 1146 Tempus
1287 1067 1363 1123 adest
1378 1068 1440 1124 ritae
1454 1067 1581 1128 credendi
1596 1081 1715 1146 tempure
1727 1079 1833 1135 mortis.

1156 1157 1204 1214 Est
1219 1158 1269 1214 bel
1279 1159 1322 1215 lex
1337 1160 1420 1230 prima
1435 1157 1637 1220 lundautentum
1652 1173 1766 1236 posterae
1779 1172 1854 1243 legis.

1156 1248 1314 1321 'sequidem
1331 1252 1454 1323 signabat
1465 1257 1628 1312 crediturum
1642 1260 1671 1314 iu
1682 1260 1740 1332 loge
1753 1266 1881 1335 secunda,

1155 1339 1211 1397 Nee
1225 1342 1306 1397 nina
1319 1359 1353 1399 ert
1364 1345 1433 1415 ipso,
1447 1347 1495 1402 sed
1509 1363 1541 1404 ex
1555 1349 1613 1420 ipsa
1628 1351 1675 1407 tibi
1691 1363 1815 1423 potentes
1830 1376 1837 1413 ε

1156 1431 1276 1503 0bstupe
1286 1434 1341 1504 jam
1355 1434 1453 1506 laetus,
1466 1439 1527 1508 jura
1543 1451 1568 1498 te
1581 1443 1695 1501 credere
1709 1445 1836 1517 Christ03

308 1546 409 1619 mergis
419 1549 447 1606 ω.
457 1550 486 1605 in
500 1549 636 1619 tem&
660 1555 724 1612 dum
738 1569 817 1628 ΡΜ
835 1565 862 1617 κ
875 1557 901 1614 3ss
916 1564 979 1621 mee
992 1565 1103 1624 mma·
1160 1525 1226 1582 llam
1242 1537 1430 1586 testamentum
1443 1543 1520 1588 vetus
1533 1534 1568 1590 dc
1582 1536 1629 1592 illo
1642 1539 1801 1609 proclamat.

305 1639 374 1707 Quid
388 1641 415 1697 iu
426 1657 563 1715 syngoga
578 1646 703 1704 decurris
715 1651 750 1705 ald
764 1652 922 1725 phariseos,

306 1730 342 1788 Ut
357 1732 403 1788 tibi
418 1735 573 1793 misericors
590 1739 648 1808 ilat,
658 1744 866 1817 quendeneges
880 1748 970 1806 ultro?

307 1826 374 1882 Eris
386 1826 449 1885 inde
458 1827 535 1898 iore,
548 1833 681 1889 iterumn
690 1845 755 1892 sans
766 1840 890 1910 requiris.

307 1917 355 1975 llis
366 1919 436 1975 inter
452 1923 597 1994 uirumque
609 1926 712 1991 virore,
724 1930 773 1985 sed
787 1931 853 1988 iride
866 1917 976 2003 peririis.

306 2008 420 2080 iusuper
431 2018 460 2066 et
473 2011 539 2069 dieis
554 2032 564 2068 a
578 2014 643 2082 Qtris
655 2026 697 2074 est
709 2021 755 2089 qul
769 2037 786 2075 a
800 2021 886 2080 nrorte
899 2026 1030 2083 redemit?

309 2103 345 2161 llt
356 2105 542 2174 credamusei,
556 2112 684 2180 quosnam
698 2112 975 2189 torporemque,

308 2195 358 2253 Eia
382 2200 499 2266 aranee,
514 2209 545 2256 ut
557 2211 717 2273 putatesse‘,
734 2207 860 2277 malque.

307 2290 376 2346 llam
392 2291 429 2348 llli
444 2294 554 2363 prodest
568 2306 628 2367 post
641 2298 745 2369 lunera,
760 2314 834 2358 recte
845 2303 890 2375 qni
904 2307 980 2361 vixit.

308 2381 349 2439 Tu
364 2392 452 2440 tamen
467 2401 527 2442 mox
541 2391 659 2446 moriens
672 2393 781 2450 dtteeris
795 2395 822 2451 in
837 2396 897 2454 loeo
909 2399 1030 2473 maligno
1043 2401 1053 2456 .·’

307 2477 337 2533 lu
354 2476 462 2536 Clrristo
475 2481 616 2540 eredentes
628 2495 720 2542 autern
732 2490 761 2544 in
771 2488 833 2546 loeo
842 2490 959 2564 benigno
973 2513 980 2550 ι

309 2567 503 2642 Bletiditurque
516 2575 616 2643 quibus
627 2577 712 2636 brorel
723 2585 867 2640 ammonas
882 2585 936 2643 illu.

308 2654 395 2718 Vobis
407 2667 496 2746 autent
510 2667 609 2736 dubiis,
626 2669 651 2725 in
667 2673 714 2728 ros
727 2669 786 2732 sine
797 2691 910 2748 corpore
924 2681 1015 2750 poerts',

309 2745 426 2809 Suscitat'
440 2751 467 2811 iu
480 2756 589 2814 lratrem
604 2764 712 2820 tortoris
721 2751 789 2822 ordo
798 2769 925 2827 clamare.

417 2885 518 2926 xatu—
535 2888 579 2937 out
599 2877 711 2950 amour,
732 2885 769 2936 ur'
786 2883 836 2939 rtou
851 2887 984 2944 cauterii.

1158 1619 1275 1677 Credere
1289 1622 1359 1677 enim
1371 1638 1439 1694 opus
1452 1637 1494 1681 est
1508 1637 1611 1684 tantum
1625 1630 1722 1702 inipso
1731 1632 1870 1704 ddurmto,

1118 1759 1143 1820 B
1157 1712 1311 1784 Resurgere
1320 1730 1410 1786 posse,
1423 1719 1516 1777 virere
1529 1731 1723 1793 temperemus.

1160 1804 1230 1876 Ergo
1240 1806 1262 1862 sl
1273 1808 1333 1877 quis
1347 1823 1378 1864 ea
1391 1809 1522 1870 discredis
1534 1828 1596 1872 esse
1605 1814 1704 1885 lutura,

1161 1898 1311 1955 Dummodo
1326 1901 1450 1958 vincetur
1462 1917 1525 1961 rens
1538 1906 1565 1962 in
1576 1917 1662 1964 morte
1675 1913 1803 1981 secunda,

1159 1989 1297 2046 Eventura
1312 2007 1407 2049 canam
1423 1997 1515 2065 paucis
1527 1996 1553 2053 in
1568 1998 1619 2055 islo
1633 2000 1734 2059 libello.

1157 2081 1225 2138 Nam
1239 2086 1366 2155 cognosci
1381 2095 1480 2157 potest,
1497 2088 1542 2144 ubi
1558 2090 1594 2146 sit
1606 2105 1669 2160 spes
1686 2098 1884 2167 attteponerrda.

1157 2176 1258 2234 Tamen
1271 2193 1318 2236 vos
1329 2179 1458 2238 adhortor
1468 2186 1627 2253 quantocius
1641 2187 1755 2245 credere
1766 2189 1883 2248 Christo.

1160 2333 1235 2374 ult.
1249 2348 1283 2360 ··
1294 2333 1511 2379 pseudoclericus
1530 2340 1664 2382 ABVCRSUS
1683 2343 1771 2385 ceobtt
1790 2345 1894 2394 CEMSTJ
1911 2347 1957 2389 bnt

1531 2434 1597 2475 vrtt.

1161 2533 1276 2623 ficapuis
1289 2552 1381 2611 infelix
1396 2556 1495 2613 bonurn
1507 2557 1658 2631 disciplima·
1669 2560 1803 2629 caelestis,

1161 2643 1196 2698 lie
1213 2643 1308 2703 ruisln
1323 2658 1450 2715 mortam,
1462 2650 1526 2706 dnm
1537 2651 1578 2707 ris
1587 2652 1647 2709 sirie
1661 2655 1740 2710 lreuo'
1750 2655 1849 2729 legari.

1159 2733 1280 2794 Perdunt
1293 2741 1319 2795 te
1334 2739 1439 2796 luxuria
1454 2751 1480 2798 et
1492 2741 1583 2799 breuia
1598 2741 1692 2817 gaudia
1706 2748 1797 2803 ntundl
1814 2767 1822 2803 a
1897 2790 1904 2804 .

1158 2827 1237 2886 Unde
1248 2819 1300 2888 sub
1314 2829 1421 2889 iulerno
1435 2835 1598 2894 cruciaberis
1612 2848 1733 2910 tempore
1746 2850 1814 2899 toto.

1065 2959 1069 2962 -
1158 2919 1260 2978 Gaudia
1273 2933 1416 2980 suntrana
1429 2927 1525 2996 quibus
1535 2928 1682 2986 oblectaris
1695 2932 1794 3003 inepte.

307 2982 452 3058 madio,
467 2986 653 3064 tolonense,
668 2991 806 3051 Cbriunnr
817 3011 967 3078 agituseero'
977 3017 1033 3068 nott
1046 3008 1108 3070 nst
1158 3013 1216 3074 uon
1228 3015 1272 3074 illa
1289 3027 1314 3074 te
1330 3018 1594 3077 redduntbontinem
1606 3021 1687 3079 luisse
1698 3019 1875 3083 deluttelum?

981 3155 1260 3224 COMMENTARIUS.

341 3251 377 3322 ln
391 3248 535 3330 supplicem·
543 3263 629 3333 predis
639 3250 691 3327 dei,
705 3244 761 3323 boc
771 3279 823 3333 est,
835 3242 941 3328 Cbristo
954 3275 1101 3346 supplicas,
1114 3278 1138 3343 C
1155 3282 1202 3338 ille
1217 3288 1381 3408 glrrpuralus
1393 3285 1512 3341 clamans
1528 3286 1563 3340 ad
1579 3284 1725 3353 tauron,
1747 3294 1776 3342 ut
1791 3288 1958 3357 intinguerct

306 3328 508 3398 adgeniculatus
521 3336 762 3395 simulacrolovis.
777 3341 836 3399 lito.

1154 3362 1216 3408 exer

1234 3371 1308 3409 mum
1316 3357 1393 3426 digiti
1406 3358 1447 3412 sui
1462 3360 1603 3427 inaquam.
1619 3357 1708 3421 tuce,
1722 3370 1776 3412 rat.
1788 3358 1834 3414 al.
1851 3361 1910 3417 lltc.

336 3400 630 3476 ¹Suborpectntorcenai.
646 3407 799 3479 Tyrannum
813 3413 887 3468 dicit.
901 3413 1102 3476 Caesaremque
1191 3425 1306 3481 Tortoris
1332 3429 1405 3483 orde.
1437 3427 1606 3495 Tentatoris,
1633 3429 1753 3495 imboli,
1780 3433 1961 3499 exprobantis

306 3471 507 3537 Cltristianuur:
522 3480 696 3539 simulacrum
710 3481 793 3544 luris.
809 3484 955 3541 diabolum.
971 3489 1029 3545 llrc.
1054 3540 1058 3547 .

327 3541 466 3608 ¹illudatur
475 3565 491 3601 a
500 3547 578 3621 Lege.
593 3549 693 3607 llirluus
704 3553 830 3623 operibus
841 3556 949 3613 indictis
958 3558 1017 3630 lege
1027 3561 1105 3617 Clari·

306 3613 401 3670 sliana.
417 3619 477 3674 lltu.

1155 3496 1282 3552 dmm
1308 3500 1419 3554 ΜΝ
1441 3500 1496 3553 ⁸³³³
1519 3499 1717 3563 dammtiontsp
1732 3509 1763 3554 ot
1780 3502 1849 3557 bane
1872 3505 1958 3560 etiarn

1155 3567 1264 3637 mliieiat
1274 3569 1394 3624 damuati
1408 3571 1522 3639 suplicio
1535 3570 1735 3624 contumeliam.
1749 3570 1811 3628 lire,-

1192 3638 1332 3709 lnprrclere
1353 3642 1411 3710 inm
1437 3657 1506 3695 auae
1527 3642 1600 3695 rodet
1619 3640 1749 3697 inultam.
1776 3642 1959 3703 traiectione

344 3685 484 3747 Procedit.
497 3690 974 3770 Praecessissedicuntuerristiani.
985 3703 1031 3772 qui
1042 3708 1105 3759 unni
1156 3725 1261 3765 strunt:
1280 3709 1382 3767 Intrate
1399 3713 1502 3767 steriles
1526 3710 1646 3768 siluestri
1660 3713 1694 3766 etl
1715 3722 1827 3783 presepe
1846 3718 1959 3787 porturis

308 3755 338 3821 tn·
347 3759 470 3821 ecelesiae
484 3774 549 3830 paee
562 3762 666 3822 dimissi
677 3767 712 3823 ad
726 3767 880 3825 Dominum.
893 3771 952 3828 liro.
966 3772 1030 3845 Leg.
1043 3791 1105 3846 pru·
1157 3780 1219 3838 llto.
1556 3788 1560 3795 ’

307 3825 391 3882 cedis.
408 3830 496 3887 biars.

313 3940 319 3947 -
345 3896 415 3966 Quid
435 3903 461 3955 in
480 3921 538 3976 agn.
560 3906 662 3967 decerit
676 3909 714 3965 ,ud
734 3909 890 3969 Pltmitoeor.
906 3890 935 3969 ln
949 3896 1105 3988 apograpbo

308 3966 405 4039 legitur
416 3990 423 4026 :
436 3973 550 4033 decurris
562 3994 630 4048 crepe
641 3978 756 4047 hilarios.
772 3982 833 4040 llte.

344 4039 452 4123 burne
463 4047 490 4101 iu
501 4049 557 4103 loeo
568 4049 692 4120 maligno.
707 4036 748 4106 td
762 4054 832 4110 ruale
841 4054 1022 4112 Christianum
1037 4076 1044 4110 ε
1058 4059 1107 4113 tle·
1159 4086 1176 4141 u

308 4126 383 4179 ems,
405 4117 499 4186 iuquit,
516 4121 542 4173 in
557 4121 613 4176 loeo
627 4124 750 4192 rtrulipno.
766 4124 807 4179 Ad
822 4142 884 4180 vere
899 4127 1080 4183 Christianum
1097 4147 1104 4186 :

309 4183 409 4239 duceris
420 4187 446 4240 in
458 4189 513 4245 loeo
526 4193 643 4264 benigno.
657 4193 738 4248 Extra
750 4194 832 4251 ltosee
845 4196 913 4252 duo's
924 4200 1032 4254 ordines
1042 4216 1106 4255 sarr·
1159 4224 1193 4282 fle

310 4262 370 4308 ctus
385 4255 503 4325 Ephrem
518 4264 612 4333 Syrus,
632 4280 691 4319 murt
709 4264 894 4323 Commodiani
910 4272 1058 4338 prosimus,
1072 4272 1107 4327 ab

310 4323 486 4400 Hieronymo,
498 4334 567 4389 lthro
579 4337 614 4390 de
627 4336 810 4402 scriptoribus
827 4340 1033 4406 Ecclesiasticus,
1051 4343 1108 4395 lau·
1160 4366 1167 4381 ·

310 4395 398 4462 datus,
412 4401 493 4457 aliurn
505 4418 557 4459 uon
568 4421 629 4461 csse
641 4409 756 4466 inedium
768 4410 891 4465 ordinem
902 4413 990 4467 docet.
1004 4412 1108 4469 Deitrde

311 4466 395 4527 aitte
412 4469 519 4543 Loquor
538 4487 627 4532 autem
641 4478 676 4533 tle
697 4481 782 4535 altero
800 4481 907 4553 quidem
924 4488 1053 4552 superno,¹
1065 4485 1107 4539 al·
1159 4506 1183 4565 Ε

312 4545 375 4611 lero)
387 4556 452 4597 vero
472 4546 586 4613 inleroo,
607 4549 677 4604 inter
697 4566 764 4618 qtrns
785 4553 907 4606 medians
927 4564 969 4608 cst
988 4556 1107 4610 uarietas

311 4604 468 4668 differentia·
477 4619 692 4676 retributionum.
707 4620 799 4676 tidem
807 4624 888 4692 paulo
896 4635 970 4692 prist:
982 4624 1107 4696 Ellugere

312 4679 474 4751 gebennam,
492 4689 542 4744 ltoc
557 4692 643 4763 ipsunt
657 4702 699 4746 est
713 4707 823 4761 reguum
837 4696 963 4749 obluctam
980 4696 1082 4766 ingredi
1097 4716 1107 4752 .·

312 4756 537 4819 querumltuodum
561 4773 589 4817 et
613 4779 646 4817 eo
669 4764 805 4830 excidere,
828 4777 870 4819 est
892 4765 1042 4836 metuerim
1067 4770 1107 4822 in·

312 4823 1105 4894 trolre.»HreesnntaGerardolossiodeCraecisnort·
1164 4884 1167 4893 .
1233 4890 1238 4901 ,
1452 4889 1458 4902 ,
1544 4892 1547 4900 ,
1770 4909 1776 4924 Ι

312 4890 376 4947 (¹⁰¹ss
404 4898 483 4955 editis
505 4902 599 4962 ballote
623 4921 716 4969 versa:
745 4916 826 4979 aliptae
851 4920 881 4965 ut
914 4910 971 4979 ipse
995 4908 1107 4966 Vossius
1159 4890 1718 4960 morrrseternepoentsaddicta.Apoe,
1736 4908 1776 4949 tt.

1192 3870 1304 3943 Tempus
1327 3872 1482 3945 totidemque
1502 3884 1627 3945 puratum.
1649 3872 1765 3930 Totidem
1784 3882 1832 3948 pro
1850 3879 1956 3949 etiam,

1161 3944 1350 4011 cousiniiliter,
1364 3955 1492 4014 utsupra.
1505 3944 1565 4002 lito.

1193 4012 1240 4068 Cet
1253 4012 1300 4069 on
1315 4015 1355 4070 lex
1368 4017 1459 4089 primo.
1476 4016 1558 4071 Totos
1574 4024 1764 4072 testamentum
1778 4034 1834 4090 prce
1848 4022 1879 4078 se'
1893 4020 1958 4079 lulil

1178 4086 1267 4141 mbras
1279 4095 1307 4141 ct
1322 4096 1487 4142 sacramenta
1497 4090 1553 4143 sive
1563 4089 1689 4160 mysteria
1702 4088 1778 4145 Nori.
1793 4092 1853 4149 llto.

1197 4156 1251 4212 lllec
1275 4159 1350 4212 trriuoe
1372 4172 1404 4212 ca
1422 4159 1431 4210 l
1449 4174 1487 4212 ro.
1505 4160 1568 4224 lien,
1584 4160 1697 4215 sedicet.
1718 4158 1783 4215 llam
1804 4170 1831 4217 le
1850 4163 1957 4221 salvum

1196 4229 1216 4281 ri
1233 4227 1288 4281 trrlt
1312 4230 1392 4283 licut.
1412 4176 1528 4299 libroque
1551 4231 1636 4299 posita
1657 4232 1716 4302 lege
1729 4234 1887 4288 monstrarit
1904 4236 1958 4292 tibi

1159 4299 1228 4352 uiant
1242 4300 1335 4354 salutis
1348 4318 1355 4356 :
1369 4302 1483 4370 quamsi
1496 4302 1627 4371 pravitate
1640 4310 1683 4355 tua
1700 4302 1882 4375 derelinquas,
1896 4304 1957 4377 jam

1159 4383 1215 4439 rpsa
1232 4369 1278 4423 tlbi
1293 4371 1333 4424 vla
1348 4372 1527 4426 comminatur
1539 4371 1660 4427 exitium.
1673 4368 1733 4430 lito.

1196 4439 1372 4513 Cecropeiam
1383 4446 1475 4515 [aetite.
1486 4441 1571 4496 Varro
1579 4444 1605 4496 iu
1614 4444 1689 4497 libris
1697 4445 1730 4501 de
1738 4445 1778 4499 lle
1787 4451 1854 4501 rusi.
1865 4446 1935 4501 diril
1948 4465 1958 4502 r

1183 4514 1505 4583 maerensmaerens
1520 4511 1620 4568 Consua
1630 4528 1729 4587 quisquc
1741 4514 1838 4587 fodent
1848 4526 1877 4571 et
1890 4517 1959 4572 Per·

1118 4590 1145 4650 D
1158 4582 1273 4653 petoritu
1286 4584 1532 4644 remunerantem
1546 4584 1771 4644 diremi-Suae
1781 4590 1957 4645 ccreeomuti·

1159 4654 1235 4708 attint
1253 4654 1408 4711 heraclito.

1201 4722 1318 4779 lineatur
1330 4740 1398 4781 rcus.
1413 4725 1602 4784 Contlucetur.

1196 4815 1229 4871 ln
1244 4826 1323 4891 auerte
1342 4814 1463 4873 recaredo.
1486 4817 1550 4875 rost
1573 4816 1694 4891 corporis
1717 4832 1850 4958 mortam,
1864 4823 1956 4947 anisola

1815 4910 1841 4947 ur
1855 4911 1931 4949 utem
1946 4934 1957 4962 ,

312 4962 434 5043 editionev
445 4982 491 5025 sup
507 4979 622 5043 gensqu,
637 4982 790 5049 ,mmmmm
807 4980 963 5047 puram„
979 4981 1106 5052 pfaejqu
1159 4978 1211 5043 rtur
1222 4960 1754 5045 ledeturoutoneseeundu.Tertullianus
1765 4964 1957 5035 librodeFuga

312 5047 385 5095 catil.
397 5037 577 5102 Tertullianus
589 5050 621 5102 ad
636 5049 780 5106 Anirnam:
798 5069 808 5103 ς
825 5054 997 5107 pfppmgmug
1009 5061 1035 5107 qe
1052 5068 1108 5107 ma,
1161 5046 1306 5107 tupersec.
1323 5026 1354 5085 ln
1367 5042 1458 5103 stupro
1470 5033 1602 5104 rulpltorts
1620 5044 1643 5087 et
1661 5050 1738 5106 tqntr,
1753 5034 1821 5105 quod
1839 5044 1875 5091 erl
1887 5051 1960 5094 mors

313 5116 378 5164 uere
402 5123 462 5178 post
485 5118 547 5173 vitae
569 5120 795 5187 dispunctionem,
820 5131 847 5177 et
868 5132 1010 5194 expectare
1034 5123 1105 5179 diem
1159 5102 1281 5157 “³⁶¹⁸''d‘''
1299 5102 1381 5207 3¹⁰·-
1447 5196 1453 5208 ⁸
1516 5197 1549 5209 ..
1676 5198 1717 5210 ,,

310 5176 417 5247 judieii,
433 5200 533 5258 proque
547 5193 649 5246 nteritis
662 5202 709 5248 aut
722 5193 852 5248 cruciatui
864 5195 992 5250 destinari
1006 5206 1053 5248 aut
1065 5211 1109 5249 re·
1197 5196 1348 5267 Discipltnae
1360 5196 1476 5250 celcius.
1492 5197 1604 5265 btvtrrae,
1619 5197 1788 5253 Clrrrsttanac.
1803 5198 1864 5257 lito.

313 5250 443 5321 frigeriu:
458 5270 572 5331 tumque
586 5264 760 5329 sempiterno.
776 5280 786 5317 t
802 5264 862 5321 liro.

1199 5268 1224 5322 N
1226 5286 1259 5322 oa
1266 5267 1311 5322 illu
1317 5278 1340 5320 te
1346 5265 1455 5321 reddum
1461 5266 1588 5323 bominem
1595 5271 1674 5340 puisse
1680 5270 1726 5339 del
1725 5307 1733 5325 .
1744 5267 1875 5335 Cogitatio
1882 5286 1959 5328 tuor-

353 5323 449 5389 Qnibur
468 5328 694 5388 boeretumoenr’tus
706 5333 762 5389 illu.
785 5337 975 5392 nrtroenitatenr
987 5336 1111 5407 intelligit
1163 5341 1197 5397 tis
1212 5348 1299 5396 notate
1310 5338 1397 5394 reddit
1408 5338 1474 5393 tibil
1493 5348 1582 5394 nrtnte
1597 5348 1704 5396 revocat
1719 5343 1751 5396 ad
1768 5341 1959 5406 temetipsuml

315 5389 535 5455 blillenariorum.
552 5403 612 5459 lito.

1163 5412 1195 5467 atl
1208 5420 1324 5467 mentem
1335 5409 1635 5466 sartamib'nrteanrero
1644 5411 1795 5480 legendum,
1805 5411 1958 5471 Terrebant.

352 5461 386 5518 la
400 5482 444 5523 our
456 5472 511 5524 aine
525 5478 630 5542 corpore
641 5489 725 5544 pena.
746 5475 958 5545 ignis-aeternus,
971 5479 1016 5551 qui
1029 5479 1111 5535 etlam
1163 5481 1220 5537 Non
1234 5493 1258 5537 te
1270 5482 1315 5537 illa
1328 5478 1439 5537 terrebil
1450 5479 1586 5551 cogitatio,
1598 5479 1690 5536 adlore
1700 5492 1815 5552 tempus,
1828 5484 1869 5538 rel
1886 5486 1960 5543 intra

317 5533 421 5590 anilitas
434 5548 527 5607 torret,
542 5554 639 5599 cautas
651 5558 774 5614 corpore.
789 5547 849 5603 liro.

1163 5567 1264 5622 panem
1278 5553 1337 5608 dies
1358 5552 1474 5607 luttrrunr
1492 5563 1518 5606 te
1540 5552 1567 5605 iu
1595 5550 1658 5607 llatu
1686 5552 1802 5610 lierninis
1824 5553 1959 5627 deiuncti,

356 5602 469 5662 Sarritor
484 5612 511 5664 ia
525 5618 631 5684 fratrem
646 5616 765 5670 clericare.
784 5619 836 5675 Per
855 5624 972 5692 procreat,
987 5620 1113 5692 intelligit
1164 5623 1240 5691 cujus
1254 5625 1342 5678 anima
1354 5622 1670 5692 corripieturadacmone
1681 5620 1845 5707 crucianda?
1857 5626 1920 5683 Rte.

320 5673 637 5740 lldeleut,Clrristianum.
651 5684 800 5744 Suscitot'in
812 5691 1048 5760 rrutremclun‘ture,
1060 5692 1113 5747 boe
1200 5693 1254 5749 Sco
1280 5695 1346 5749 leues
1369 5694 1475 5749 inuadit.
1501 5694 1617 5749 lluttrino
1635 5695 1963 5766 scribertdunr,aeuurns

320 5756 372 5815 est,
392 5746 523 5807 advocare
541 5755 630 5812 lrsitris
647 5759 787 5829 auxilium,
801 5763 880 5819 sicuti
902 5762 1018 5820 iaciebat
1036 5763 1114 5822 diret
1162 5764 1268 5834 inuadit,
1285 5766 1395 5823 morbus
1406 5763 1518 5822 scilicet
1536 5765 1629 5821 Datis.
