4150 6250
284 282 356 344 tlte
857 278 997 339 labben
1015 279 1202 342 aotebstts
1220 277 1356 341 Gentes
1879 279 1951 340 1110

280 403 395 467 sorices,
407 400 560 469 blattasque
570 396 702 469 lucifugas
715 394 872 455 nidamenta
880 414 994 470 ponere,
1003 409 1087 473 atque
1100 409 1128 468 Α
1139 415 1189 455 uos
1198 414 1263 466 acra,
1276 410 1363 468 ireque
1377 396 1437 451 auri
1446 393 1755 468 amentiquematerias,
1766 393 1859 469 neqic
1868 398 1947 503 alhs,

278 495 423 552 babitaret
438 492 584 562 spurcitias
607 491 661 549 bue
683 507 790 561 omnes,
811 502 893 564 atque
912 494 966 550 alie
987 495 1083 551 usibus
1134 491 1234 563 quibus
1247 491 1323 559 sigeia
1338 488 1471 554 courduut,
1487 502 1534 544 eas
1556 502 1619 545 esse
1633 505 1728 561 perse
1742 489 1822 559 deos,
1836 500 1866 548 ct
1880 492 1951 548 relt-

281 585 487 646 aecommodata
512 585 681 651 conducere,
708 586 834 643 semirosi
856 586 971 643 duritias
993 589 1083 658 panis,
1134 585 1211 658 piosa
1234 584 1407 641 decernimus
1430 583 1560 650 numina;
1583 579 1634 638 sed
1647 596 1697 639 eos
1710 583 1737 638 in
1752 583 1802 655 his⁸
1818 583 1953 651 colimus,

278 693 341 737 ossa
364 678 392 733 in
410 692 504 747 sepem
521 685 618 743 tracta,
634 692 750 747 morsos,
765 677 931 749 lanuginem,
945 679 1084 734 chartulas
1135 692 1237 749 eosque
1250 689 1426 739 veneramur,
1441 687 1511 745 quos
1533 673 1672 732 dedicatio
1698 675 1781 732 inlert
1806 691 1899 743 sacra,
1924 685 1955 734 et

277 768 434 827 nidulorum
450 768 477 824 in
491 768 634 825 mollitiem
649 769 754 825 scilicet
766 779 796 836 ι,
812 777 839 824 ιι
858 770 1021 826 miserorum
1043 768 1085 825 io·
1135 768 1277 825 fabrilibus
1289 767 1374 824 ellieit
1387 766 1541 824 inhabitare
1553 767 1718 825 simulacris.
1734 768 1794 826 Nou
1808 769 1950 841 improba,

278 873 373 921 menta
387 862 542 934 pullorum?
556 861 616 918 Nou
631 862 659 918 in
672 876 721 919 ore
735 861 882 932 aliquando
895 862 1035 919 simulacri
1049 862 1085 918 ab
1137 875 1224 932 neque
1249 859 1429 932 aspernabilis
1449 859 1529 926 ratio,
1552 874 1605 932 qua
1620 862 1706 932 possit
1728 864 1817 933 quiris
1840 862 1951 931 medus,

278 958 388 1014 araneis
409 956 494 1012 ordiri
514 957 593 1023 retia,
607 965 687 1026 atque
710 954 856 1012 insidiosos
870 970 973 1019 casses,
987 955 1085 1025 paribus
1137 967 1243 1010 necnon
1253 961 1281 1008 et
1295 952 1521 1024 prudentissimas
1542 954 1656 1011 credere
1668 954 1745 1022 deos,
1758 956 1863 1013 relictis
1875 955 1954 1013 sedi·

278 1049 388 1106 uolatus
402 1050 541 1105 innectere
554 1046 730 1105 stridularum
746 1047 861 1119 possint,
876 1046 1086 1118 impudentium·
1137 1045 1189 1103 bus
1202 1045 1330 1116 propriis,
1343 1044 1370 1101 id
1391 1054 1435 1103 est
1448 1044 1531 1111 eoelo,
1546 1060 1601 1103 non
1614 1062 1748 1116 reconna,
1771 1064 1825 1106 nee
1848 1048 1953 1122 lugere

278 1156 333 1214 que
353 1142 525 1197 muscarorut
540 1138 599 1196 Non
621 1138 780 1196 hirundines
794 1138 910 1209 denique
930 1139 999 1193 intra
1011 1137 1086 1208 ipsos
1138 1138 1293 1195 habitacula
1306 1139 1377 1195 inire
1391 1150 1498 1196 terrena
1508 1155 1517 1205 ;
1529 1140 1677 1210 quinimmo
1687 1140 1746 1211 iure
1758 1141 1952 1199 dedicationis

279 1234 378 1291 mdiurn
402 1233 627 1290 circumvolantes
653 1232 761 1300 tholos,
785 1230 931 1302 jactrlarier
956 1229 1086 1286 stercoris
1141 1231 1273 1302 impulsos
1283 1232 1490 1288 simulacrorum
1498 1233 1654 1291 coalescere
1663 1235 1800 1305 jaccetani.
1812 1234 1840 1291 ln
1851 1251 1950 1309 gypso

278 1327 427 1401 planesel
448 1327 531 1384 modo
550 1327 625 1399 ipsos
643 1328 744 1392 raritas,
769 1298 850 1382 motio
872 1324 1014 1381 numinum
1037 1338 1085 1380 ora
1137 1339 1203 1396 ergo
1223 1323 1379 1393 marrsitant,
1407 1333 1490 1396 etque
1514 1325 1541 1380 in
1564 1325 1671 1382 testulis
1685 1325 1722 1382 dii
1737 1327 1833 1432 restril
1858 1330 1947 1400 quin·

278 1420 437 1493 depingere,
461 1420 585 1486 barbam,
609 1418 712 1481 occulos,
734 1430 825 1482 nasos,
848 1416 968 1486 aliasque
990 1428 1086 1470 omnes
1138 1418 1222 1472 immo
1247 1418 1405 1474 testularum
1430 1425 1458 1473 et
1484 1417 1562 1490 gypsi
1583 1427 1700 1487 mentes,
1716 1429 1837 1490 sparatus,
1858 1430 1948 1492 atqne

278 1523 382 1585 partes,
403 1514 429 1568 in
442 1526 625 1584 prrascomrpao
644 1524 674 1565 se
689 1508 819 1566 detulerit
832 1506 972 1565 deonerati
993 1507 1088 1577 prolu-
1139 1511 1237 1568 animee
1251 1510 1289 1567 dii
1305 1513 1388 1568 sonti
1400 1522 1481 1584 atque
1496 1522 1526 1568 ut
1547 1512 1605 1568 lieri
1621 1514 1793 1585 aomrstiores
1808 1514 1954 1571 uilissimae

278 1605 336 1661 ries
362 1604 486 1674 podicis?
511 1603 669 1659 Erubescite
692 1616 757 1672 ergo
781 1601 921 1663 velsero,
943 1609 1026 1668 atrpue
1052 1598 1087 1652 ab
1139 1616 1184 1658 res
1195 1601 1312 1673 possint,
1322 1602 1447 1659 concludi
1459 1615 1490 1658 se
1499 1604 1648 1673 patiantur,
1658 1615 1685 1660 et
1700 1605 1727 1661 in
1740 1605 1816 1661 sedis
1825 1606 1953 1664 obscurae

279 1699 462 1757 animantibus
474 1697 556 1752 mutis
568 1698 635 1761 rias,
648 1696 767 1751 rationes
778 1693 903 1765 accipite,
915 1693 1087 1762 doceamque
1138 1694 1305 1752 coercitione
1318 1695 1443 1752 latitarei
1458 1696 1528 1767 Ergo
1541 1697 1607 1753 illud
1621 1714 1636 1752 a
1651 1697 1728 1754 vobi<
1741 1710 1821 1770 parte
1843 1700 1869 1755 in
1892 1700 1947 1757 isac

279 1807 329 1847 vrrs
347 1791 441 1847 eadem
459 1789 524 1845 rrlbil
545 1790 663 1843 usurariuis
678 1788 767 1843 inesse
785 1787 935 1843 simulacris
952 1803 958 1838 :
976 1786 1002 1839 io
1022 1800 1084 1855 quae
1101 1789 1124 1850 Β
1139 1791 1254 1860 primunr
1269 1789 1457 1848 ‹leslderamos
1470 1800 1497 1848 et
1519 1791 1688 1863 postulamus
1700 1791 1807 1858 andare,
1832 1794 1951 1853 invitine

278 1883 407 1941 obscaena
420 1882 539 1952 dejicere
553 1897 640 1951 arsque
661 1890 794 1942 tractuum,
810 1895 898 1950 neque
912 1880 999 1934 ritant
1012 1878 1086 1949 teges
1141 1881 1194 1940 hoc
1208 1884 1318 1945 iaciunt,
1332 1883 1360 1939 id
1375 1893 1428 1953 est,
1440 1885 1502 1954 jtrre
1516 1886 1696 1941 dedicationis
1711 1887 1820 1943 attracti
1833 1888 1950 1945 simale·

279 1988 343 2032 suas
355 1975 506 2046 scrpueatia,
522 1982 549 2028 et
563 1972 688 2028 instincta
703 1971 816 2027 veritate
830 1982 943 2026 trattrrae.
1137 1988 1246 2031 crorum
1261 1977 1356 2032 ineunt
1369 1975 1542 2032 prensiones?
1555 1993 1590 2033 an
1604 1977 1946 2051 procreationemque

1137 2067 1199 2123 ullis
1214 2069 1420 2125 necessitatibus
1430 2069 1578 2142 irrogatis?
1591 2069 1620 2127 Si
1633 2071 1711 2126 inriti
1725 2073 1777 2128 boc
1789 2071 1897 2141 iaciant,
1911 2084 1944 2132 et

316 2157 398 2215 xlii.
423 2156 477 2215 Sed
497 2170 585 2223 erras,
611 2155 706 2226 iurauit,
732 2163 760 2212 et
782 2154 893 2221 laberis,
913 2168 976 2212 uam
997 2171 1085 2228 neque
1136 2161 1182 2232 qni
1198 2161 1255 2217 lieri
1271 2162 1342 2231 potis
1355 2170 1408 2231 est,
1425 2171 1454 2218 ut
1467 2162 1494 2219 in
1509 2162 1628 2235 aliquam
1641 2164 1834 2223 necessitatem
1855 2167 1950 2225 immi-

890 2267 1083 2329 becilettes
1103 2271 1313 2334 taetantes.

314 2368 327 2397 ⁸
341 2365 445 2418 llollitie
456 2363 564 2416 sollicite
576 2361 635 2414 Sed.
651 2361 728 2413 itote

962 2448 1244 2519 COMMENTARlUS.

280 2549 287 2559 '
320 2550 433 2608 Soricer.
447 2547 515 2604 vtae
526 2545 559 2603 ad
574 2546 619 2602 lib.
631 2560 661 2614 ιι,
675 2559 735 2617 cap.
750 2545 796 2602 tta.
810 2545 913 2603 Oneon.

320 2621 478 2678 Nidonrentu
491 2635 594 2692 ponere.
611 2616 723 2673 Locutio
736 2617 870 2684 Plautina,
886 2619 958 2676 llud.
972 2632 1025 2676 aet.
1041 2639 1081 2689 ιιι,

281 2708 358 2752 stell·
375 2709 411 2747 11.

329 2808 357 2859 la
375 2819 478 2858 aternam
495 2803 564 2856 anille
579 2803 653 2855 bodie
669 2803 809 2853 nidamenta
826 2815 957 2867 congeret.

670 2865 778 2928 Nouem,
795 2879 852 2932 pop.
870 2867 926 2920 adt).

322 3003 388 3059 Oreo
402 3002 523 3069 iasonem
538 3005 630 3052 truste.
642 2994 674 3051 ln
689 3005 790 3051 textum
804 2996 894 3062 recepi
915 2996 1084 3052 emendatio·

1135 2559 1322 2633 arescerem,
1344 2559 1604 2639 aesopianam
1628 2564 1686 2624 sier
1713 2566 1853 2643 Ὀλύμπιοι
1874 2570 1952 2640 Διὸς,

1134 2625 1193 2686 οὔτε
1204 2632 1368 2709 Ἐπιδαυρίου
1381 2633 1548 2701 'aminnium
1563 2635 1621 2693 olli
1632 2644 1682 2711 μιν
1692 2639 1793 2703 'dissic
1806 2642 1950 2713 Πολιάδος,

1136 2699 1152 2760 ἦ
1162 2703 1305 2776 improuidos
1315 2706 1468 2780 Αἰγυπτίου.
1479 2707 1582 2764 burm.

1172 2792 1247 2849 luter
1271 2797 1341 2866 ipsos
1363 2799 1458 2853 tedium
1485 2800 1699 2859 circumvolantes
1723 2804 1817 2860 tlsolos.
1833 2804 1948 2875 Thala,

1138 2866 1257 2932 ιιιιιιιιιι,
1280 2867 1369 2926 idest.
1384 2884 1492 2926 camera
1506 2874 1620 2928 rotrrrrda
1634 2889 1667 2929 ac
1677 2890 1807 2939 conseia,
1824 2876 1946 2950 tappet.

1137 2936 1192 2990 vid.
1207 2937 1401 3006 stridentum..
1415 2953 1443 2997 et
1455 2942 1547 2999 Vates.
1564 2945 1597 3001 ad
1612 2944 1751 3002 Ammian.
1775 2947 1907 3019 banea,
1925 2952 1947 3006 Ι.

1137 3022 1230 3075 xrrrra,
1246 3027 1272 3064 ι.
1284 3013 1312 3075 1,
1327 3009 1342 3084 5
1358 3012 1387 3073 9,
1402 3029 1429 3083 p.
1445 3013 1511 3081 etl,
1528 3016 1572 3071 ed.
1587 3015 1718 3090 Wagner.
1730 3018 1835 3076 Osset.

284 3091 348 3133 nem
369 3075 438 3128 luzinc
454 3069 610 3138 palmariam
632 3065 663 3123 C.
685 3067 786 3123 Barrtlrii
819 3071 845 3121 iu
862 3068 1005 3123 Adversar.
1035 3069 1080 3127 bb.
1172 3079 1322 3139 lucubricr
1348 3085 1468 3140 runcoris
1493 3087 1593 3153 plenos.
1631 3088 1756 3146 Loaadant
1782 3096 1949 3161 interpreter

283 3160 362 3208 χιιι,
376 3157 435 3212 cup.
454 3141 498 3200 18.
514 3156 540 3210 p.
554 3140 634 3195 latit.
650 3138 747 3193 Nartbm
770 3141 842 3194 enirn
856 3140 998 3205 narratibus,
1014 3134 1119 3198 ossi-C
1135 3155 1321 3221 conjecturam
1349 3155 1392 3214 lo.
1418 3156 1513 3214 dorreti
1527 3174 1535 3212 ι
1551 3165 1670 3218 stercoris
1684 3164 1804 3231 splenos,
1828 3163 1950 3223 citantes

285 3218 338 3273 bats
353 3216 379 3268 ia
388 3212 604 3267 nidaarcntorurn
616 3209 764 3265 aranoiruiua
775 3211 848 3264 abrrti
861 3210 909 3264 isto
922 3211 1080 3267 arrinrantia.

285 3287 399 3355 Vulgata
415 3282 494 3338 lectio
508 3291 570 3337 est:
587 3278 653 3335 Ossa
663 3281 689 3334 io
703 3296 773 3352 spem
784 3290 966 3352 tractantem
981 3282 1081 3338 trustra

284 3364 375 3413 tuetur
387 3352 527 3417 lleraldos,
541 3362 638 3420 putans
648 3366 757 3408 sensum
769 3365 839 3416 esse,
852 3367 954 3417 mures,
968 3357 1079 3420 sorices,

286 3436 351 3491 ιιι,
368 3425 419 3481 etsi
433 3439 493 3480 ossa
510 3423 605 3479 rodere
620 3431 764 3492 trequeant,
779 3438 809 3478 ea
822 3432 911 3477 mmeu
925 3424 1032 3480 trabere
1042 3427 1083 3480 oi·

286 3497 445 3556 lailorniaus,
460 3504 601 3566 sperantes
613 3495 671 3550 soil.
688 3496 720 3548 iis
733 3508 811 3564 posse
823 3508 853 3550 se
866 3495 949 3561 uesci,
963 3496 1081 3578 ainardum

287 3569 354 3626 sutis
365 3568 473 3624 tentatis
485 3565 605 3621 sterilium
616 3565 727 3630 viribus,
739 3565 853 3621 necdum
865 3565 898 3620 iis
908 3581 970 3621 cum
981 3582 1081 3623 ossaurn

287 3639 388 3697 duritie
400 3636 566 3706 courrposiris.
579 3637 690 3703 eralem
706 3638 837 3702 argenium
856 3636 882 3691 in
901 3648 1019 3694 mentem
1034 3655 1082 3695 ue·

287 3714 363 3768 itis-e
375 3709 496 3765 Arnubio
507 3709 691 3777 maximopere
702 3704 807 3762 dubito.
825 3706 903 3762 Furit.
920 3706 1032 3766 Ursirttts
1042 3711 1082 3793 le·

287 3781 406 3852 perrarum
416 3780 566 3837 existimat:
580 3777 646 3834 Orsa
658 3781 684 3833 in
694 3789 796 3848 stupam
804 3790 896 3835 tracto.
907 3779 1001 3848 Stupo,
1013 3791 1083 3836 struo

288 3853 316 3909 irt
327 3868 381 3925 quo
401 3851 454 3907 aridi
465 3850 608 3920 stipantur,
626 3849 776 3905 llrrnaatar.
793 3849 851 3905 ltu.
869 3849 946 3906 Voss.
961 3850 1082 3925 Etymol.

289 3925 369 3981 lione
385 3922 517 3978 ltoursius
532 3919 604 3990 coni.
618 3939 625 3975 ε
641 3920 750 3976 duritias
763 3922 837 3993 ponis
859 3937 918 3977 ossa
932 3924 1083 3991 inspeciem

289 3996 365 4050 trosti
368 4031 490 4049 ......
507 3993 533 4047 iu
545 3991 689 4057 orollitiem,
705 4002 770 4054 etc„
786 4009 861 4047 rurore
873 3993 998 4063 lorpareadi
1013 3998 1084 4049 ariti-

290 4079 355 4154 (ιιι.
367 4064 413 4130 br,
428 4080 493 4131 orae,
506 4079 602 4124 orinia,
614 4079 684 4127 orco,
697 4073 725 4117 at
735 4074 838 4129 testator,
850 4075 925 4128 testu,
937 4081 979 4133 ap.
989 4063 1082 4130 end,

289 4136 364 4193 l‘ast.
382 4153 408 4202 ιι,
427 4136 490 4196 dle.
507 4134 611 4191 itata
624 4134 771 4189 Salrrrasiua
783 4135 865 4190 erlrtlit
878 4152 884 4188 ε
901 4138 976 4202 [uraris
989 4153 1046 4191 orsu
1057 4154 1084 4191 ru

291 4224 363 4279 spent
374 4218 464 4271 tracto,
482 4206 795 4274 tabennensiotarum
811 4205 914 4277 arirluar)
926 4207 951 4261 in
965 4224 1036 4275 spera
1046 4213 1085 4278 [o-

291 4279 425 4346 miab'pes
438 4293 486 4345 pro
496 4280 693 4341 expectatione,
709 4287 792 4340 ιιιιιιι,
803 4283 833 4329 ιιι
842 4278 944 4331 ιιιιιίιι
954 4281 1083 4344 :opitulan-

291 4349 390 4420 tiquos.
404 4348 456 4403 Sed
472 4348 550 4416 litargo
565 4346 678 4413 prodero
688 4348 883 4402 correctionem
897 4348 1006 4403 llartlrii.
1023 4349 1082 4405 laun

292 4434 358 4473 vcro
381 4417 496 4488 praefero
514 4419 657 4473 lectionem
676 4416 813 4486 aratirpuam
830 4435 836 4470 :
854 4416 887 4473 ln
904 4435 974 4487 spem
989 4430 1079 4476 tracto.

289 4489 321 4546 ln
335 4503 410 4558 spero
425 4489 527 4544 scilicet
541 4486 633 4554 luituri,
650 4497 678 4541 ut
692 4488 807 4542 babeant
822 4491 918 4560 quibus
930 4500 1081 4547 rescaruur.

292 4560 340 4617 Sic
356 4560 480 4614 iteratim
496 4574 514 4623 t,
531 4573 612 4614 serm.
626 4575 645 4623 ι,
662 4559 696 4614 55
712 4575 718 4610 :

339 4670 454 4729 Pericle,
468 4682 523 4719 nam
533 4668 650 4731 exemplo
662 4677 709 4727 est,
719 4672 800 4732 magni
812 4668 913 4721 lormica
925 4671 1018 4724 laboris

340 4734 391 4784 Ore
403 4733 477 4783 trabit
488 4731 661 4794 quodcumque
674 4740 764 4794 potest,
778 4741 853 4795 atque
865 4735 1036 4786 ariditacerro.

340 4796 418 4857 Quaem
430 4795 503 4845 struit
513 4794 578 4842 baud
597 4793 681 4854 ignara
693 4806 721 4844 ac
733 4807 781 4843 raon
794 4795 890 4847 incauta
903 4799 986 4850 tutari.
999 4798 1090 4851 Onera.

328 4900 487 4958 Nidnlorurn
508 4900 535 4954 in
555 4898 687 4954 irrollitieor
701 4899 806 4966 scilicet,
828 4911 851 4955 ιι
873 4904 1023 4960 primorum
1048 4905 1089 4975 le·

291 4985 377 5029 narrato
390 4973 530 5041 prrllorunr.
545 4973 589 5027 Sic
604 4971 687 5026 reditio
703 4970 786 5042 tago
803 4971 861 5026 Bat.
879 4974 943 5029 cod.
967 4993 1018 5032 aras.
1041 4979 1088 5031 ba·

191 5103 194 5110 ,
292 5048 337 5102 bet
354 5063 361 5100 a
378 5042 403 5098 N
406 5044 535 5098 irlrrlorunr
547 5041 573 5095 iu
587 5043 719 5096 mollitiem
730 5043 838 5097 sollicite
851 5053 874 5096 et
886 5046 1036 5100 irriseroruor
1051 5052 1090 5121 [o-

292 5126 378 5170 nrrrrto
394 5115 531 5183 prrllorrror.
551 5114 638 5168 Editio
653 5117 779 5182 princeps
795 5131 802 5167 ι
817 5111 975 5168 Niduloram
989 5117 1015 5171 in
1030 5120 1091 5173 mol·

291 5187 347 5243 titis
358 5186 476 5251 sollicite,
489 5194 542 5241 etc.
551 5183 649 5240 caeteri
661 5184 780 5239 editores
791 5199 817 5237 r.
826 5184 937 5312 ‘iiiiii
948 5186 1089 5246 inducunt.

326 5328 365 5383 Ab
378 5327 481 5382 ororreis
494 5326 575 5381 ordiri
591 5325 663 5380 retia.
682 5323 771 5380 Ordiri
787 5325 813 5378 b.
830 5325 847 5380 l.
865 5296 969 5395 passiva
984 5330 1089 5400 signill-

290 5402 407 5464 catione,
424 5397 495 5469 rpuod
510 5396 667 5452 trotorrdum.
685 5394 774 5450 Ordior*
792 5396 834 5452 sel
849 5400 988 5469 aristippum
1002 5403 1089 5458 ordire

289 5470 430 5543 proprium
442 5469 551 5524 teritum
563 5468 623 5522 telae
633 5477 660 5522 el
672 5469 779 5524 textrini
796 5472 900 5552 operiar
911 5470 970 5526 vid.
984 5471 1087 5530 Nouitts

288 5552 317 5597 ct
330 5540 427 5596 Festus
440 5539 467 5596 Ιι.
485 5556 511 5594 r.
527 5538 618 5609 ibique
629 5540 714 5609 intpp.
726 5551 753 5594 et
764 5539 919 5667 Geiiffissn
934 5542 1084 5600 ltresaruo.

327 5681 387 5736 Non
400 5682 549 5736 lrirundines
557 5679 676 5750 denique,
686 5691 739 5736 etc.
749 5679 876 5738 Clemens
885 5651 1087 5744 alexandrinus

290 5752 317 5806 in
333 5751 469 5820 Protrupt.
485 5766 511 5821 p.
527 5753 573 5815 16,
587 5756 631 5808 ιιι.
648 5751 749 5807 Potteri
766 5768 773 5804 :
797 5753 825 5807 li
846 5750 873 5807 et
895 5753 1023 5825 χελιδόνες
1044 5765 1088 5816 καὶ

289 5827 341 5886 gira
354 5821 441 5900 ipsiius
453 5823 486 5875 rol
499 5822 610 5882 alaim
621 5821 816 5904 κιτιξαιριῦσιι
833 5825 917 5881 αὐτῶν
934 5828 1087 5904 ἀγαλμάτων

1134 3222 1295 3294 Martialem,
1313 3228 1331 3282 l.
1349 3243 1379 3295 ιι,
1401 3231 1489 3299 epigr.
1506 3246 1582 3300 xxix,
1598 3247 1670 3288 vers.
1688 3234 1749 3290 lb:

1189 3337 1303 3418 ‚ignoras
1313 3341 1427 3405 canstat
1440 3343 1537 3407 splenia
1549 3344 1618 3406 tolle,
1631 3346 1724 3411 legem

1134 3445 1179 3501 ubi
1201 3447 1263 3502 vide
1287 3449 1386 3521 intpp„
1402 3460 1430 3504 ιιι
1451 3465 1550 3508 sensate
1574 3453 1621 3518 sit,
1642 3454 1758 3523 jaculari
1781 3455 1947 3517 atmudtoes

1133 3519 1263 3574 stercoris
1277 3520 1388 3590 spleuas
1411 3523 1453 3576 rei
1468 3524 1584 3592 splenia,
1599 3523 1627 3579 id
1642 3537 1684 3580 est
1695 3528 1854 3598 emplastra.
1884 3530 1944 3587 Sed

1133 3587 1235 3658 splene,
1260 3604 1293 3653 re,
1318 3590 1543 3662 lrustraqruesiri
1560 3596 1586 3650 in
1602 3594 1717 3662 Lexicis,
1741 3607 1769 3653 et
1791 3600 1878 3667 splen,
1905 3602 1943 3669 is,

1133 3661 1212 3727 cairus
1235 3664 1405 3718 accusativus
1426 3679 1531 3734 graecus
1546 3676 1640 3735 posset
1662 3683 1724 3724 esse
1736 3669 1852 3738 apteras,
1868 3673 1945 3730 cautla

1135 3728 1189 3786 alia
1203 3732 1400 3802 sigrrillcatioue
1415 3736 1505 3791 latroni
1513 3753 1601 3861 &aare
1623 3739 1713 3806 tionis,
1730 3742 1805 3796 seclis
1826 3742 1898 3800 risam
1917 3753 1947 3800 et

1135 3803 1261 3869 tristitiae,
1276 3804 1318 3858 rlie
1333 3803 1408 3860 llils.
1430 3805 1496 3863 Vide
1534 3824 1589 3864 oss.
1607 3811 1634 3864 ia
1650 3809 1773 3882 Eryrnol.
1788 3811 1859 3868 liora
1888 3814 1943 3871 lio-

1133 3888 1187 3944 que
1203 3873 1292 3938 stus-o,
1311 3891 1395 3946 quaere
1411 3875 1581 3935 sollicitanda
1603 3881 1639 3935 sit
1654 3883 1765 3953 vulgata
1781 3883 1874 3948 lectio,
1890 3889 1946 3944 troc

1133 3958 1215 4000 serasar
1231 3963 1238 3998 t
1253 3945 1411 4003 hirundines
1437 3950 1530 4017 plenas
1555 3960 1685 4007 stercoris
1709 3952 1835 4023 jaculari,
1857 3955 1947 4013 idest

1134 4028 1258 4072 ventrem
1273 4032 1433 4074 etrrrrerare.
1448 4018 1568 4076 luriunt
1583 4022 1642 4077 scil.
1660 4024 1800 4082 indeliuite
1822 4026 1944 4094 posituim

1060 4138 1066 4149 ,
1134 4088 1168 4141 ab
1183 4087 1315 4154 Aruobio,
1336 4092 1448 4145 ueritiam
1463 4092 1606 4148 boraestuur
1623 4109 1671 4164 pro
1687 4096 1839 4164 iubonesto,
1855 4095 1943 4155 Fulv.

1134 4156 1252 4215 Ursirurs
1265 4160 1337 4231 crsrrj.
1352 4178 1358 4214 ι
1371 4158 1520 4218 locutorio
1534 4166 1654 4220 stercoris
1669 4166 1731 4221 telo.
1745 4169 1846 4223 θιιυ..

1172 4250 1296 4306 Obseoeuo
1321 4253 1438 4317 deiicere.
1466 4254 1529 4311 ttae
1558 4265 1602 4312 est
1633 4258 1759 4327 palinaria
1782 4259 1946 4319 mendatio

1134 4321 1221 4377 Fuluii
1248 4322 1337 4379 Ursini
1364 4340 1413 4391 pro
1435 4325 1531 4382 uitiosa
1545 4327 1662 4385 lectione
1675 4329 1783 4385 (indicis
1800 4348 1807 4385 :
1822 4332 1943 4389 muers

1134 4392 1228 4458 dicere,
1245 4393 1316 4448 rande
1328 4393 1456 4453 Gelenius
1470 4398 1570 4454 lecerat
1581 4417 1587 4452 :
1600 4400 1717 4456 obscena
1729 4405 1824 4472 soene.
1840 4405 1943 4462 &esre-

1138 4464 1216 4520 chius
1231 4466 1330 4521 aaaron
1344 4483 1350 4518 ε
1367 4466 1492 4523 Obscena
1502 4468 1627 4541 uipereo.
1638 4476 1743 4529 θιιιιι..

1181 4561 1307 4618 instincto
1319 4566 1422 4621 seritotc
1435 4576 1544 4623 naturae.
1558 4569 1650 4626 Codex
1662 4588 1714 4627 ms.
1729 4586 1758 4631 et
1769 4577 1853 4634 editio
1865 4578 1944 4650 prte-
1970 4563 1972 4566 ⁵

1144 4643 1209 4701 ceps
1225 4651 1231 4687 :
1247 4635 1376 4702 distinctu,
1399 4637 1505 4694 vitiose.
1520 4639 1649 4699 luminetur
1670 4646 1776 4703 noima
1788 4659 1886 4704 neure
1897 4661 1949 4707 est

1142 4716 1208 4759 vero
1222 4709 1385 4775 proprioque
1401 4721 1505 4764 natrrrae
1518 4712 1656 4770 instinctu.
1669 4716 1763 4787 lenone
1775 4735 1826 4772 nors
1842 4736 1945 4777 neces·

1141 4778 1212 4829 seria
1237 4777 1344 4833 lleursii
1363 4779 1517 4851 conjectura
1533 4800 1539 4836 :
1554 4785 1672 4842 instincto
1686 4789 1817 4846 meritam
1829 4791 1877 4863 (id
1898 4801 1947 4850 est

1140 4849 1320 4920 neccessitate)
1335 4860 1443 4906 naturae.
1458 4852 1561 4910 Osset.

1176 4936 1259 4995 xllt.
1280 4969 1317 4985 -
1339 4942 1409 5011 Quos
1439 4944 1566 5000 dedicatio
1595 4947 1673 5017 insert
1696 4966 1782 5007 sona.
1807 4951 1944 5012 usurarios

1143 5006 1224 5134 gosp.
1258 5029 1340 5081 ιιιιι,
1368 5015 1414 5069 bra.
1432 5015 1465 5086 l:
1492 5016 1602 5085 Quando
1626 5020 1705 5090 ipitur
1731 5022 1773 5076 ιιι
1804 5025 1944 5081 ramme

1169 5099 1212 5135 ece
1221 5085 1347 5154 [tunditur.
1361 5085 1511 5155 traderetur,
1525 5090 1659 5157 scalpitur.
1682 5090 1807 5148 borreum
1819 5095 1941 5152 dmest

1142 5150 1211 5207 Ecce
1226 5155 1381 5220 plumbatur,
1395 5161 1561 5222 cortatraitrtr,
1576 5162 1691 5234 eripitur.
1707 5162 1763 5220 Nee
1775 5165 1862 5221 odire
1879 5169 1946 5224 dats

1141 5233 1189 5277 est.
1205 5222 1271 5280 Ecce
1283 5239 1399 5293 ornatur,
1417 5240 1590 5300 consecretur,
1605 5243 1704 5287 oratur.
1727 5233 1792 5291 ran
1813 5248 1944 5304 postrw

1142 5293 1263 5362 deusest,
1276 5315 1333 5352 curu
1348 5299 1423 5353 bouso
1436 5299 1481 5355 itte
1493 5302 1573 5356 soluit
1585 5313 1610 5359 ιι
1621 5305 1758 5362 dedicarit.
1779 5307 1904 5365 llum.

1177 5384 1319 5444 donationi.
1330 5391 1381 5446 alb
1397 5410 1403 5445 :
1419 5394 1550 5449 cinctione.
1566 5394 1668 5453 (laete.

1177 5456 1377 5518 Necessitotrdrtr
1394 5465 1524 5535 inopertis.
1541 5466 1630 5523 eoram
1644 5469 1770 5542 princeps
1784 5487 1791 5525 :
1803 5473 1941 5530 munite

1139 5527 1205 5583 lidus
1218 5533 1334 5603 irroqoti,
1349 5536 1454 5592 vitiose.
1468 5536 1571 5594 lineet..

1176 5621 1208 5676 Si
1222 5625 1295 5680 insiti
1308 5627 1356 5680 boc
1371 5630 1478 5699 socium.
1493 5630 1605 5689 Farlrius
1619 5633 1735 5692 Ursinus
1747 5634 1819 5692 delet
1833 5638 1866 5698 ri.
1875 5639 1936 5710 quia

1139 5692 1166 5748 in
1181 5691 1268 5750 altero
1281 5697 1413 5754 orationis
1424 5704 1558 5771 arrrrrbro,
1571 5704 1600 5761 Si
1611 5707 1762 5763 uoluntariae
1771 5710 1935 5764 emenonis

1138 5780 1254 5830 osunen,
1274 5767 1401 5826 sideerat
1422 5773 1448 5827 in
1461 5773 1560 5829 Codice
1576 5791 1626 5831 rurs.
1644 5777 1697 5834 Sed
1711 5779 1807 5838 melius
1830 5779 1934 5839 additur

1138 5835 1293 5912 inutraque
1308 5839 1368 5898 loco
1377 5857 1439 5901 cunr
1453 5844 1596 5906 salmasio.
1611 5847 1713 5907 emsa.
