4150 6250
273 330 310 388 tii
660 328 906 389 seisioitittiit
924 327 1008 398 QUAE
1028 329 1074 386 hl)
1092 329 1224 389 stilitiii
1242 329 1360 388 elesii
1378 327 1572 397 aiiititstlil
1894 327 1929 388 96

272 449 341 513 siam
365 447 489 520 discidii,
514 459 542 507 ei
555 464 588 507 ex
604 448 730 506 ltaiiiblis
748 450 881 523 quosdam
896 451 929 507 ild
942 452 1067 523 iarpleta·
1083 453 1258 525 Λψαντιτιιν
1272 454 1418 520 ianiculum,
1431 454 1474 506 καί
1487 472 1558 512 τινας
1570 457 1620 507 τῶν
1630 448 1743 525 &impiae
1755 450 1792 512 τίς
1803 450 1931 513 &aldrice

191 534 201 549 ”
275 550 329 601 lem
342 551 371 599 el
383 540 565 614 blasphemias
578 543 726 614 ροιιιιιῑις
750 543 799 617 vqui
826 545 1013 615 impiissimam
1037 545 1072 603 dc
1123 550 1167 600 καὶ
1184 545 1590 618 βλασφημίαςίλλκύσαντι,καί
1609 548 1669 621 περὶ
1688 550 1734 599 τοῦ
1750 548 1816 599 oroi
1837 541 1930 600 διδασ·

275 632 333 690 Deo
347 633 498 690 doctrinam
513 634 817 702 laorbeminveait‚et
832 635 1071 693 clemcnll‘ssimlim
1123 638 1212 693 καλίαν
1225 640 1402 698 ἀνοσιώτατον
1418 637 1666 705 ἐπιισκνκλιισαντι,
1682 641 1727 692 καί
1747 639 1790 693 τὸν
1810 640 1931 714 χρηστό·

273 724 418 781 Dominum
437 733 560 781 nostrum
576 724 668 782 lesum
683 722 820 781 Christum
847 729 924 797 quasi
949 728 1072 783 immisc-
1123 754 1201 787 τατον
1215 735 1302 808 κύριον
1316 734 1386 806 ἡμῶν
1399 731 1495 793 ‘taram
1511 733 1622 808 Χριστὸν
1643 735 1677 794 ὡς
1697 734 1788 793 mabri
1803 755 1931 807 συκοφαν-

273 818 408 876 ricordem
421 818 619 888 calumniam
637 819 848 889 acpraelelhoec
862 821 951 877 omnia
965 836 1072 877 sacrum
1124 834 1221 889 τοῡντι,
1238 829 1282 881 ἐπί
1301 832 1369 882 πᾶσι
1394 825 1594 887 liminari
1617 826 1722 903 λουτρὸν
1748 828 1881 882 discutiam
1902 829 1931 884 τί

274 910 412 967 lavacrum
437 912 544 968 irritum
570 910 653 968 habet
683 927 716 969 ac
746 913 850 983 rejicit,
885 913 1022 986 iidemque
1047 926 1075 971 et
1125 919 1364 996 ἄμον,καιτήντε
1385 921 1436 998 πρὸ
1459 923 1701 976 αὐτοῡπὶστινκαὶ
1720 920 1856 995 ὁμολογίαν
1874 923 1934 976 ἀνα-

271 1001 482 1072 coaiessioaem,
492 1019 553 1075 quar
563 1003 698 1075 baptismo
709 1004 920 1075 praemittuntur,
930 1006 1073 1068 subvertit.
1125 1017 1257 1091 spinaira.
1268 1019 1297 1071 τὸ
1319 1036 1348 1070 τε
1364 1022 1466 1088 πνεῦμα
1478 1017 1507 1073 τὸ
1520 1014 1592 1090 οἶμον
1607 1017 1633 1080 ἐξ
1647 1017 1742 1079 αὐτῶν,
1757 1017 1779 1071 ri
1792 1017 1838 1071 καί
1851 1037 1891 1090 τις
1903 1013 1933 1075 ἦν

273 1097 443 1168 eiSpitiltlttt
457 1107 580 1154 sanctum
604 1097 638 1155 ab
658 1098 691 1153 ils
715 1098 822 1170 penitas
848 1096 940 1170 lugat,
967 1098 1072 1156 etiamsi
1126 1108 1197 1169 ἐλπὶς
1222 1114 1268 1163 τοῦ
1295 1116 1453 1185 παραμεῖναι
1483 1109 1509 1169 ἤ-
1535 1109 1675 1165 ἐπανελθεῖν
1712 1109 1777 1185 πρὸς
1814 1112 1932 1175 αὐτοὺς,

272 1203 334 1261 spes
359 1189 448 1260 aliqua
474 1189 577 1257 subsit;
603 1189 645 1246 vei
668 1191 741 1260 quod
763 1189 858 1247 inillis
873 1192 1072 1261 permanserit,
1127 1199 1258 1261 reiraida
1280 1198 1461 1276 poprisiam.

271 1283 314 1341 rei
325 1282 398 1356 quud
408 1282 444 1341 ad
456 1298 505 1340 eos
517 1297 651 1341 reremus
665 1284 710 1342 sit.

431 1483 708 1562 EPiSTltLAE
737 1485 813 1579 IV,
843 1487 1087 1566 ⁰101less
1115 1487 1496 1565 Aisxstlomiii
1526 1478 1775 1564 priscum

777 1673 823 1729 io
843 1672 974 1731 strauit
995 1672 1027 1730 ιι.
1048 1672 1165 1731 aaran
1183 1672 1434 1731 raucumruu.
1741 1662 1744 1668 ·

273 1827 312 1883 ιιι
324 1830 425 1884 bomine
435 1833 478 1897 qui
485 1831 610 1897 baptismo
620 1831 741 1885 Ecclesia
752 1834 846 1885 initiari
859 1834 1072 1899 expetendarum
1081 1835 1227 1899 baptismam
1238 1835 1295 1887 aliis
1306 1835 1391 1887 uerbis
1406 1845 1434 1885 ac
1445 1835 1523 1884 rebus
1533 1831 1598 1897 apud
1610 1831 1743 1884 haereticos
1754 1834 1896 1898 suscepisse
1907 1845 1938 1882 se

1065 1924 1171 1977 diceret.

310 2073 382 2132 Veis
396 2073 514 2142 sienim,
530 2073 623 2142 itales,
638 2073 752 2130 consilio
766 2088 835 2144 opus
849 2073 953 2142 liabeo,
970 2085 998 2132 el
1010 2048 1075 2132 seti-
1090 2081 1115 2142 B
1164 2082 1211 2134 itai
1222 2073 1376 2155 peip-irrep,
1391 2076 1490 2153 diripi,
1502 2079 1651 2152 rupdoolris
1662 2077 1762 2153 δίομαι,
1776 2082 1939 2155 arripuimus

276 2169 387 2226 lentiam
403 2176 476 2224 luam
492 2176 607 2240 expeto,
623 2183 658 2225 ue
673 2166 743 2224 iorle
758 2168 916 2237 halluciner,
934 2184 1017 2240 super
1032 2186 1081 2227 ne·

276 2261 350 2333 gotio
368 2260 441 2333 qaod
461 2259 529 2316 mihi
549 2259 603 2315 tale
623 2259 731 2317 accidit.
748 2261 862 2330 Quidam
883 2278 915 2318 ex
932 2262 1080 2330 iratribus,

278 2353 325 2424 qui
343 2351 377 2407 ad
390 2350 535 2409 ecclesiam
548 2353 730 2420 conveniunt,
744 2354 800 2424 jam
817 2353 922 2425 pridem
938 2369 987 2425 pro
1008 2355 1082 2411 tidett

276 2445 492 2517 beatiissimi
505 2455 568 2501 ante
582 2461 669 2503 meam
685 2446 893 2512 ordinationem,
905 2463 937 2504 ac
952 2449 979 2503 ni
990 2447 1080 2515 latior,

277 2549 341 2598 ante
356 2539 442 2612 ipsius
457 2555 566 2612 quoque
582 2539 704 2597 ileraelae
716 2541 902 2613 episcopatum
915 2553 1001 2598 coetus
1016 2540 1083 2598 ilde·

277 2633 344 2691 lium
359 2636 494 2706 particeps
509 2633 614 2701 iuerat,
630 2649 692 2690 curn
706 2633 874 2692 interfuisset
888 2635 1023 2705 baptismo
1037 2651 1085 2692 eo·

278 2743 340 2785 ιιιιιι
353 2729 399 2801 qni
414 2744 501 2799 nuper
516 2728 730 2801 baptizabantur,
747 2737 774 2784 et
788 2728 1014 2800 interrogationes
1029 2743 1086 2784 res·

279 2824 480 2896 passionesque
493 2822 630 2888 audisset,
644 2822 677 2879 ad
693 2839 736 2879 me
748 2823 865 2880 accessit
877 2822 944 2880 tiens
958 2831 985 2880 et
999 2823 1085 2880 ricem

280 2930 356 2972 suam
371 2914 564 2985 ingemiscens.
579 2913 752 2986 l’cdibusque
766 2915 834 2970 meis
845 2916 1004 2982 aduolutus,
1022 2930 1087 2972 con·

281 3005 351 3062 literi
363 3015 445 3078 atque
457 3004 582 3078 dejerare
594 3007 691 3078 roepit,
706 3006 866 3077 baptismum
881 3023 934 3079 quo
947 3007 1017 3078 apud
1032 3009 1087 3064 hae·

281 3099 382 3156 reticos
397 3097 519 3155 initiatus
534 3096 640 3168 iuerat,
657 3114 710 3155 noa
727 3097 882 3170 huiusmodi
898 3112 977 3169 esse,
999 3115 1087 3171 aeque

282 3194 427 3267 quidquam
440 3195 551 3250 omnino
564 3194 665 3252 habere
677 3210 737 3251 cum
752 3194 804 3252 hoc
818 3204 912 3252 nostro
924 3212 1084 3252 commune:

282 3287 381 3360 quippe
394 3287 504 3358 planum
518 3286 605 3344 luisse
619 3288 766 3360 impictatis
779 3297 807 3345 et
821 3288 1007 3359 blasphemiae.
1022 3290 1085 3343 iiie·

1132 2174 1197 2227 αίτῶ
1209 2173 1285 2247 παρὰ
1307 2175 1367 2235 σοῦ,
1381 2173 1501 2226 τοιούτου
1514 2172 1582 2231 τινός
1596 2192 1640 2243 μοι
1652 2172 1837 2247 προσιλτὸντος
1851 2177 1943 2248 πράμ-

1133 2286 1228 2338 ματος,
1248 2262 1337 2325 δεδιὼς
1355 2268 1390 2336 μή
1409 2260 1462 2340 ἆρα
1476 2264 1636 2336 σμάλλωμαι.
1659 2271 1709 2318 τῶν
1724 2266 1776 2340 γὰρ
1791 2268 1945 2340 συναγομέ·

1134 2380 1183 2411 νων
1196 2355 1307 2432 diripias
1331 2356 1424 2416 πιστὸς
1438 2356 1602 2428 νομιζόμενος
1615 2357 1730 2431 ἀρχαῖος
1748 2358 1793 2411 καὶ
1814 2356 1867 2431 πρὸ
1892 2366 1945 2418 τῆς

1135 2452 1198 2521 ἐμῆς
1219 2450 1392 2524 χειροτονίας,
1411 2442 1483 2519 οἶμαι
1497 2446 1524 2503 δι’
1539 2451 1583 2503 καί
1604 2451 1655 2524 πρὸ
1677 2456 1723 2510 τῆς
1744 2454 1789 2503 τοῦ
1805 2453 1942 2526 μακαρίον

1136 2539 1246 2617 ἰιρακλᾶ
1268 2540 1455 2600 καταστάσεως
1477 2547 1523 2599 τῆς
1546 2549 1698 2614 συναγωγῆς
1711 2544 1866 2614 μετασχὼν,
1886 2551 1942 2604 τοῖς

1135 2634 1245 2705 iniq-rou
1257 2630 1453 2703 βαπτιζομένοις
1459 2636 1637 2708 παρατυχὼν,
1646 2636 1690 2687 καί
1696 2641 1746 2687 τῶν
1756 2635 1942 2710 ἓπτρωτήσεων

1137 2728 1180 2780 καί
1203 2726 1363 2799 ἀποκρίσεων
1386 2724 1547 2786 ἐπακούσας.
1563 2725 1693 2801 προσῆλτὲ
1711 2747 1755 2799 μοι
1779 2725 1871 2782 κλαίων
1891 2732 1940 2783 καί

1138 2822 1299 2896 καταθρηνῶν
1310 2820 1409 2876 ἑαυτὸν.
1424 2825 1471 2874 Καί
1478 2822 1579 2875 πίπτων
1588 2820 1638 2894 πρὸ
1648 2826 1697 2874 τῶν
1707 2818 1792 2874 ποδῶν
1801 2841 1862 2892 μου,
1878 2821 1937 2885 ίξσ-

1140 2917 1323 2988 μολομούμινος
1336 2917 1381 2986 μὲν
1391 2916 1435 2968 καὶ
1453 2914 1620 2985 ἐξομνιιμινος
1634 2914 1663 2967 τὸ
1675 2911 1825 2987 βάπτισμα,
1840 2911 1941 2988 daupei

1139 3017 1192 3070 τοῖς
1213 3010 1349 3082 αίριτικοίς
1375 3006 1545 3069 dedicassem,
1567 3010 1603 3076 μή
1623 3010 1736 3061 τοιοῦτον
1758 3000 1832 3071 εἶναι,
1854 3010 1890 3079 μή
1910 3004 1939 3061 δι’

1139 3099 1202 3163 ὸλως
1223 3097 1294 3174 ἔχειν
1320 3101 1376 3157 τινὰ
1399 3101 1464 3177 πρὸς
1475 3105 1552 3155 τοῦτο
1566 3100 1715 3154 ceramico·
1739 3098 1861 3160 ᾰσιὸτίοις
1884 3102 1938 3175 γὰρ

1138 3198 1216 3251 iareim
1231 3200 1274 3250 καὶ
1289 3195 1455 3270 βλασφημιῶν
1469 3194 1662 3268 πεπληρῶσθαι.
1676 3196 1762 3268 Aipora
1782 3191 1810 3248 il
1833 3196 1901 3250 πάνυ
1913 3216 1941 3249 τι

1138 3297 1183 3351 τὴν
1204 3290 1297 3363 ψυχήν
1317 3296 1362 3343 νῦν
1383 3290 1591 3361 καταντνύχται,
1616 3291 1660 3342 καί
1684 3292 1719 3360 μή
1739 3285 1766 3342 ii
1789 3288 1940 3364 supparium

282 3382 382 3455 bilique
394 3383 514 3441 animum
527 3398 606 3441 sittim
617 3384 794 3442 acerbissimo
805 3384 907 3440 doloris
918 3398 1000 3440 sensit
1010 3361 1120 3439 chitr-C
1137 3385 1208 3458 ἔχειν
1219 3388 1314 3460 ἐπᾶραι
1327 3385 1388 3445 τοὺς
1406 3382 1551 3456 ὀρταλμούτ
1573 3382 1638 3463 apic
1658 3382 1701 3436 τὸν
1723 3384 1794 3447 θεὸν,
1815 3384 1866 3438 ἀπὸ
1888 3390 1939 3437 τῶν

283 3477 383 3550 pungi,
409 3492 442 3535 ac
458 3492 494 3535 ac
512 3478 608 3535 oculos
622 3479 732 3552 quidem
751 3478 784 3535 ad
806 3479 891 3535 heom
910 3480 1035 3535 attollere
1054 3494 1084 3534 se
1137 3480 1245 3534 ἀνοσίων
1264 3479 1363 3532 ἐκείνων
1381 3475 1501 3549 ῥημάτων
1520 3476 1564 3528 καὶ
1586 3474 1746 3550 πραγμάτων
1770 3472 1938 3552 ὁρμώμενος·

947 3616 1129 3676 viitiotttiit
1148 3615 1262 3674 tibiis.

283 3756 479 3828 colligasset,
493 3755 599 3825 eoipso
615 3765 753 3828 lampaia,
768 3772 822 3827 qno
836 3755 991 3824 Slcpiranus
1006 3770 1074 3825 papa
1171 3752 1279 3808 Etiamsi
1293 3768 1350 3822 spes
1364 3751 1451 3822 aliqua
1466 3751 1554 3808 arrisit.
1570 3750 1664 3808 Graeca
1685 3767 1736 3807 vox
1756 3751 1834 3814 ἔλπις
1854 3748 1940 3808 inter-

283 3828 319 3885 de
333 3827 468 3884 hereticis
479 3843 532 3882 noo
547 3827 744 3898 rebaptizandis
757 3830 881 3897 scripsit,
892 3827 1080 3882 Philemonem
1135 3827 1198 3881 darn
1212 3838 1262 3897 pro
1275 3823 1402 3892 opinione
1417 3831 1569 3894 usurpatur.
1589 3822 1623 3877 Et
1637 3822 1680 3878 hic
1692 3822 1798 3890 quidem
1813 3833 1941 3879 constru-

285 3914 316 3956 ac
329 3898 484 3972 Dionysium
497 3899 578 3971 presb
598 3908 670 3956 leros
685 3898 779 3956 eadent
804 3900 838 3955 de
861 3914 891 3955 re
916 3899 1019 3954 litteras
1046 3896 1079 3951 ad
1134 3901 1188 3953 etio
1202 3899 1262 3965 eius
1276 3910 1337 3950 cam
1353 3893 1436 3949 verbo
1454 3896 1583 3964 preteriti
1599 3895 1726 3964 temporis
1743 3892 1880 3964 postolare
1896 3897 1939 3950 ri·

283 3971 441 4043 Dionysium
469 3915 680 4026 Alexandrinum
706 3971 824 4026 misisse.
850 3969 947 4026 lisdem
973 3984 1081 4039 qaoque
1134 3968 1225 4027 detur.
1242 3979 1271 4021 ut
1286 3967 1358 4021 iliam
1378 3980 1409 4021 ea
1430 3967 1535 4021 ratione
1556 3965 1746 4035 intelligamus.
1768 3965 1861 4035 Neque
1875 3981 1941 4021 iero

285 4042 354 4098 ilion
374 4043 429 4098 sios
441 4041 640 4099 Alexandrinus
652 4042 738 4113 primo
749 4043 850 4112 paneis,
864 4056 896 4098 ac
910 4040 1008 4097 deinde
1020 4055 1082 4096 ctrm
1135 4055 1197 4096 curn
1209 4038 1317 4093 valesio
1326 4036 1398 4093 hanc
1409 4037 1495 4092 iocum
1510 4037 1543 4091 de
1556 4035 1639 4104 lapsis
1650 4038 1677 4090 in
1687 4036 1883 4110 idololatriam,
1890 4039 1939 4092 sed

283 4112 339 4183 jam
354 4057 493 4184 §tephano
507 4112 610 4185 llyslos
621 4113 814 4181 successisset,
831 4112 953 4183 pluribus
967 4112 1085 4180 rescrip-
1136 4111 1171 4167 de
1190 4107 1337 4166 Catholicis
1356 4124 1370 4161 a
1392 4107 1540 4163 marauna
1560 4109 1698 4163 subversis
1717 4107 1938 4176 interpretantur,

286 4185 337 4247 sil,
352 4184 501 4254 etquidem
515 4186 675 4251 separatim,
702 4193 731 4239 ut
742 4199 777 4240 ex
792 4200 825 4239 eo
838 4185 989 4247 coriiirilur,
1012 4182 1084 4253 qnod
1136 4197 1251 4253 quorum
1268 4181 1313 4235 iiie
1328 4180 1489 4249 baptismam
1501 4178 1660 4242 exsoliians,
1673 4177 1803 4247 Spiritum
1814 4190 1937 4234 sanctum

286 4255 399 4325 epistola
413 4270 474 4325 qaae
492 4256 526 4311 ad
540 4256 726 4312 Philemonem
742 4257 873 4326 rescripta
888 4264 942 4320 est,
966 4256 1039 4310 tertia
1054 4253 1086 4307 de
1137 4254 1300 4308 sacramenti
1314 4250 1394 4319 hujus
1408 4265 1519 4305 attinere
1532 4257 1671 4319 acceptum
1683 4248 1940 4321 tugabarqaaana

286 4325 435 4396 baptismo:
448 4337 475 4382 ct
489 4342 549 4396 qum
564 4327 598 4381 ιιι
615 4327 781 4399 bionysittm.
796 4337 886 4397 quarta
910 4327 943 4383 ab
968 4323 1085 4381 Elrsehio
1137 4325 1163 4379 ia
1179 4339 1273 4380 eorum
1294 4322 1445 4392 aliquibus,
1461 4328 1604 4390 aritequam
1625 4320 1859 4384 srtbverlcrentur.
1874 4322 1938 4391 Spi-

287 4397 450 4466 appellelur.
467 4397 505 4453 lle
520 4397 571 4452 hac
584 4413 665 4467 porro
679 4400 751 4452 idem
773 4398 905 4454 Eusebius
929 4397 964 4452 ita
989 4395 1085 4468 piaelo-
1138 4396 1217 4450 ritum
1233 4402 1355 4450 sanctam
1372 4392 1413 4448 vel
1429 4392 1613 4460 permansisse
1630 4407 1677 4459 per
1691 4390 1873 4448 innocentiam
1896 4392 1938 4446 vel

288 4469 400 4537 quitur:
418 4486 428 4519 r
445 4468 547 4533 Quarta
563 4468 621 4538 ejus
642 4468 787 4541 (Dionysii)
814 4470 848 4525 de
871 4469 1004 4537 baptismo
1027 4467 1085 4536 epi·
1137 4476 1178 4522 est
1190 4476 1287 4521 utcunr
1300 4462 1408 4519 valesio
1419 4480 1468 4536 per
1483 4463 1669 4533 poeaitentiam
1683 4463 1795 4520 rediisse
1810 4464 1940 4520 credibile

290 4538 358 4593 stota
374 4536 406 4592 ad
422 4537 577 4610 Dionysium
592 4539 691 4608 scripta
699 4546 752 4601 est,
764 4540 945 4609 tortoquidem
956 4539 1084 4593 Rornanae
1096 4510 1124 4571 D
1137 4538 1181 4593 sil.
1196 4536 1233 4592 lta
1247 4535 1312 4591 nihii
1325 4549 1565 4607 opusqnaoraams,
1581 4536 1613 4589 ln
1625 4535 1705 4605 lapda
1716 4536 1842 4606 queraris
1856 4544 1939 4607 potest

290 4606 365 4663 orbis
376 4609 578 4681 presbyterum,
593 4609 640 4663 sed
666 4608 710 4676 qui
725 4609 863 4680 aliquanto
874 4618 939 4694 post
963 4619 1085 4678 tempore
1137 4624 1267 4663 rerrruaere
1277 4606 1390 4681 Spiritus
1403 4607 1525 4661 sanctus?
1537 4605 1690 4662 Cousrirm

289 4677 411 4749 ejusdem
423 4680 497 4735 urbis
509 4679 651 4748 episcopus
664 4680 826 4736 constitutus
839 4691 890 4736 est.
902 4681 939 4736 Er
952 4697 1001 4749 qna
1013 4680 1085 4734 hunc
1174 4678 1293 4750 iiiorrqsii
1309 4678 1478 4732 Alexandrini
1493 4682 1675 4749 sraqrnentorn.
1698 4679 1734 4733 tie
1754 4677 1805 4731 hac
1824 4675 1938 4748 epistola

290 4751 377 4820 ipsam
393 4749 543 4805 liraaauum
559 4750 714 4823 hiorrysinnt
726 4752 937 4807 eruditissimum
954 4751 1085 4820 planeque
1138 4750 1271 4805 Eusebius
1287 4751 1322 4803 ita
1339 4748 1531 4819 praeloquitur:
1550 4769 1559 4801 r
1577 4752 1654 4803 instat
1668 4758 1695 4804 el
1709 4750 1802 4819 quinta
1817 4747 1939 4819 ejusdem

289 4821 477 4877 admirandum
490 4821 576 4877 viram
591 4820 674 4878 luisse
682 4821 837 4878 testimonio
845 4823 964 4893 Dionysii
973 4822 1086 4877 hiemu-
1136 4822 1250 4890 epistola
1263 4821 1295 4875 ad
1308 4819 1421 4892 Xysturn
1433 4821 1562 4874 tloraaaa
1575 4820 1650 4876 urbis
1662 4822 1833 4888 episcopum,
1847 4821 1938 4888 inqua

289 4891 361 4948 drini
384 4894 445 4949 licet
465 4908 640 4964 cognoscere.
656 4913 666 4947 r
682 4893 749 4948 Turn
777 4893 835 4949 baec
850 4894 993 4961 araturas,
1020 4894 1085 4949 snb·
1138 4903 1279 4963 postquam
1293 4891 1423 4947 aduersas
1436 4892 1579 4946 lrarcticos
1591 4893 1672 4945 ranila
1685 4890 1827 4952 dicernit,
1841 4887 1938 4957 liujus-

289 4977 388 5019 nexum
402 4963 581 5035 fragmentum
592 4966 709 5020 sub'icil.
723 4963 876 5021 coasrrar.
1139 4962 1211 5018 modi
1223 4963 1350 5032 quiddam
1363 4979 1411 5017 sua
1425 4970 1503 5016 atate
1514 4962 1659 5031 contigisse
1672 4968 1772 5015 narrat.
1787 4978 1797 5010 r
1811 4958 1839 5014 la
1849 4973 1882 5013 ea
1894 4974 1941 5013 aa·

325 5036 470 5090 Lavacrum
492 5037 580 5091 iritum
603 5039 636 5090 hu
654 5045 688 5091 et.
711 5035 841 5104 Quircirea
866 5037 891 5092 in
917 5037 1029 5107 epistola
1052 5035 1087 5092 ts
1140 5044 1193 5090 lem
1213 5045 1303 5090 narrat
1326 5035 1469 5105 dionysias
1487 5032 1558 5100 quod
1578 5049 1663 5096 almer
1682 5031 1848 5099 contigerat,
1872 5046 1934 5085 etim

289 5104 418 5179 Cypriani
432 5105 465 5160 ad
480 5105 659 5162 lubanianum
675 5109 805 5178 legimus,
821 5107 1024 5163 Nouatiaaeares
1044 5123 1085 5161 re·
1139 5107 1272 5176 baptisma
1300 5105 1405 5173 publice
1432 5121 1464 5159 ae
1484 5104 1652 5158 sollemniter
1672 5101 1837 5156 tradidisset.
1860 5100 1940 5158 Unde

290 5179 420 5247 baptizare
432 5193 492 5238 eor,
504 5192 567 5247 quor
580 5194 596 5230 u
609 5178 681 5233 nohis
694 5179 840 5233 sollicitant.
856 5178 888 5234 Et
899 5177 968 5249 apud
982 5179 1089 5249 hugus·
1141 5178 1211 5232 barro
1224 5178 1364 5246 epistolam
1381 5179 1461 5246 pauiu
1475 5187 1535 5245 post
1552 5174 1672 5238 Pascha,
1689 5173 1732 5226 rei
1745 5182 1820 5226 cette
1838 5174 1938 5228 Pente-

291 5250 376 5303 tinum
397 5248 514 5320 append.
530 5257 595 5302 tom.
612 5264 641 5304 ιιι
654 5251 780 5315 antiquos
793 5259 888 5305 artetur
900 5260 956 5306 ret.
972 5260 1000 5304 et
1021 5263 1085 5303 aar.
1139 5258 1243 5310 costen,
1255 5249 1317 5302 ιιιιιι
1328 5246 1398 5307 258.
1410 5249 1538 5316 scriptam
1550 5260 1612 5301 esse
1623 5244 1768 5312 colligitur.
1781 5243 1937 5300 Consanus.

290 5318 410 5374 Testam.
421 5329 517 5390 qnaest.
528 5318 596 5383 liii,
608 5318 976 5388 deipsoNoiatiarroait21rr
987 5330 1088 5374 tuntum
1174 5318 1335 5389 Baptisrnnra
1349 5334 1428 5388 quoa
1447 5317 1482 5372 ud
1497 5317 1627 5371 iroerrticos
1642 5316 1756 5370 initiatus
1773 5317 1866 5385 [aaut.
1883 5316 1938 5370 llu-

290 5388 407 5443 irureitar
418 5391 507 5457 nolis,
523 5400 550 5446 ul
565 5400 589 5444 et
604 5406 650 5444 nor
667 5390 826 5446 Cirrirtioaoa
843 5403 932 5464 neget,
950 5391 1088 5465 (ideoque
1141 5390 1210 5445 lintis
1224 5391 1330 5444 bacile
1344 5336 1475 5444 reddidit:
1491 5388 1649 5457 ‹Baptisma
1662 5388 1697 5440 ab
1712 5385 1847 5441 hereticis
1860 5387 1938 5440 aliter

291 5459 453 5529 baptismum
468 5462 545 5518 nobis
562 5461 712 5517 iterandum
728 5461 873 5536 censeat),
890 5481 947 5518 enm
962 5464 1026 5520 scint
1041 5479 1089 5517 nos
1139 5475 1170 5517 se
1184 5462 1351 5531 suscepisse:
1369 5460 1440 5529 quad
1458 5470 1546 5514 tanuen
1561 5457 1712 5514 secuudum
1726 5472 1778 5524 ea,
1793 5472 1852 5528 quae
1867 5471 1938 5511 none

289 5528 572 5600 sapientiarum
602 5534 703 5601 uuipse
718 5533 1087 5602 mentiminliuibuscouci-
1139 5531 1362 5587 riderctanobis
1376 5529 1606 5594 ministrari,nce
1619 5529 1751 5601 baptisma
1765 5530 1886 5593 duceret,
1903 5541 1937 5583 eo

290 5603 330 5658 nit
344 5601 407 5656 iliud
422 5602 521 5672 vulgati
535 5549 668 5659 sarirasit
681 5606 832 5660 dormirent.
848 5608 874 5660 tn
888 5604 972 5660 icor.
987 5620 1048 5675 cap.
1060 5619 1085 5659 t:
1138 5602 1209 5673 qnod
1223 5615 1295 5657 essct
1309 5603 1413 5671 repleta
1427 5600 1701 5672 plaspbcmiisoraais
1714 5595 1934 5656 diaconissae.»

293 5691 303 5727 ι
317 5672 363 5732 Sic
373 5674 445 5728 crtim
459 5682 554 5739 eraut,
569 5677 638 5731 strat
651 5691 723 5733 nunc
733 5674 874 5731 Noraliaui
887 5687 915 5732 et
929 5675 1087 5742 donatiani,
1140 5674 1257 5746 Dionysii
1271 5674 1383 5744 ejusque
1396 5673 1576 5728 decessorum
1589 5688 1647 5726 arro
1662 5674 1687 5727 in
1700 5668 1878 5726 alexandrina
1892 5683 1940 5725 ec·

289 5746 336 5817 qni
357 5744 520 5816 baplismum
534 5744 586 5801 sibi
601 5746 754 5818 vindicant,
774 5763 790 5803 a
814 5749 913 5806 nostris
937 5747 1086 5817 baptizatos
1138 5744 1238 5811 etesia,
1253 5754 1283 5800 ut
1298 5744 1430 5816 baptismo
1449 5759 1502 5800 noa
1518 5746 1614 5800 iteralo
1628 5743 1829 5813 susciperentur
1848 5739 1939 5796 itare-

291 5816 480 5887 reprobantes.
493 5813 668 5874 recusatur.
1139 5815 1183 5872 tici
1197 5830 1248 5873 asu
1262 5826 1401 5890 receptam
1415 5816 1499 5874 luisse
1512 5831 1545 5873 er
1560 5817 1612 5873 hoc
1624 5816 1685 5871 ioco
1698 5811 1838 5869 euidenter
1851 5813 1938 5869 conli-
