4150 6250
1 449 2 468 ,
115 391 148 450 ut
365 376 371 389 '
750 391 886 452 onrtrtu
907 393 1101 455 ursanum.
1740 401 1777 463 ιι

1 505 2 526 ’
116 508 231 583 epistola
249 509 288 568 ad
301 507 464 568 Βιιιιιιιιιιιι
476 508 520 567 his
533 508 634 566 indicat
646 508 737 567 uerbis
759 529 766 568 ι
786 530 796 565 ι
811 511 919 569 Siutnm
933 512 960 573 h
973 510 1110 568 Potuisset
1120 510 1229 584 quidem
1241 525 1313 569 anon
1326 513 1475 584 superiore,
1490 524 1519 573 at
1530 515 1697 588 impossibile
1707 525 1750 575 est
1765 560 1774 588 ,

116 613 209 661 summ
227 603 256 660 io
281 601 431 661 Cemetria
459 602 677 660 animaduersum
695 603 807 675 sciatis,
828 614 924 661 octavo
975 602 1084 660 dedisse
1103 604 1136 660 ad
1157 602 1292 676 llispaous
1311 604 1459 677 Epistulam
1474 605 1537 663 lulii
1554 607 1776 677 l6,aonnihi,

116 695 216 753 iduum
229 694 470 768 angustarumdie,
493 704 521 752 et
544 709 605 752 cum
619 710 653 752 eo
676 695 816 764 Quartum.
838 695 925 765 »Qui-
975 712 1030 768 qun
1052 697 1240 768 pontificatum
1263 698 1382 754 rrnrrdurn
1404 701 1511 757 inierat.
1527 701 1630 759 Deinde
1642 717 1703 758 curn
1719 711 1776 757 toto

122 789 180 847 bus
201 790 290 846 uerbis
313 787 384 861 apud
410 788 523 845 batirtns
548 788 677 860 quolibet
701 788 826 860 punitio,
853 787 924 860 apud
976 789 1044 845 sini
1069 790 1226 861 episcopatu
1245 793 1402 862 grauissima
1425 794 1577 863 persecutio
1598 808 1718 850 romaum
1734 794 1777 850 io·

1 925 2 938 r
116 880 574 944 Brissooiumrcrnetcultionot,
590 882 713 954 aliosque
727 880 799 938 letos
814 896 925 953 percus-
976 883 1100 939 cubuerit
1113 883 1259 951 Ecclesiae,
1280 892 1324 941 est
1350 884 1429 957 longe
1457 886 1691 952 absurdissimum,
1715 889 1775 957 rpi-

1 981 2 994 ’
115 976 251 1048 singledii
266 991 315 1033 seu
327 975 473 1033 decollatio
485 974 678 1044 signittoautur.
691 975 808 1031 beauon
817 984 925 1046 quoque
975 976 1060 1030 stolas
1086 975 1146 1046 ejus
1168 976 1272 1033 terroris
1298 975 1404 1033 Sirtuor
1426 976 1597 1045 condidisse,
1625 979 1652 1033 io
1675 978 1774 1049 quibus

115 1067 245 1140 plerique
258 1068 301 1138 lli
313 1071 343 1123 lo
357 1067 518 1123 sententiam
530 1064 603 1137 Pagii
620 1064 732 1134 abeunt,
749 1066 852 1121 scilicet
864 1079 926 1136 pas·
976 1069 1051 1126 nulla
1073 1069 1226 1126 alhictioois
1248 1071 1378 1129 Ecclesim
1403 1074 1504 1129 meotin
1531 1074 1603 1128 nulla
1622 1073 1656 1129 ad
1683 1088 1778 1130 crrrccs

116 1174 178 1217 suot
192 1174 253 1217 esse
269 1173 343 1216 anon
358 1158 465 1216 Domini
475 1158 542 1226 258,
556 1157 653 1214 endem
666 1168 694 1213 et
704 1173 758 1229 qun
770 1156 799 1214 S.
814 1155 926 1229 cypria·
977 1162 1089 1232 patienti
1106 1165 1198 1219 aoiutn
1211 1161 1320 1220 ferenda
1348 1167 1495 1238 instigatio.
1504 1166 1590 1222 Priori
1603 1165 1717 1238 epistola
1728 1167 1778 1221 irn-

117 1267 178 1322 om,
201 1261 232 1309 ut
242 1251 357 1309 Pontius
369 1253 397 1307 io
420 1250 482 1307 Vita
495 1249 635 1324 Cypriani.
649 1249 809 1307 Contantius
820 1250 859 1325 (Ξ)
871 1249 925 1306 Btt·
977 1258 1204 1329 postnrpagiuam
1219 1259 1332 1315 includit
1347 1260 1478 1332 integram
1493 1275 1527 1316 ex
1542 1259 1718 1318 ldacinClotn
1730 1260 1779 1318 ad·

117 1346 240 1405 &5²³1
265 1345 380 1416 fli¹¹⁰ii
400 1344 488 1400 locum
504 1343 628 1400 munium
644 1344 799 1412 restituens,
813 1351 924 1400 δθῦῑθῐι·
977 1368 1071 1408 rersus
1091 1352 1263 1409 varimadum
1278 1354 1399 1424 petitam.
1423 1352 1607 1426 Cnotpooutnr
1631 1370 1691 1412 cnot
1712 1369 1775 1426 pag.

118 1444 184 1498 tiam
206 1440 286 1512 Pagii
307 1439 458 1496 coolirmat.
475 1437 659 1495 bucheriaous
679 1439 753 1495 euim
781 1436 925 1510 catalogus
977 1444 1030 1501 '13⁰
1069 1445 1197 1501 biblioth.
1224 1446 1334 1504 maxim.
1351 1457 1481 1517 patrum,
1505 1457 1571 1503 tum.
1592 1464 1618 1501 v.
1643 1447 1782 1503 Posterior

118 1532 221 1590 babet:
239 1550 252 1584 ι
269 1531 369 1588 Passus
381 1540 422 1587 est
435 1528 551 1604 (Sirius)
564 1545 613 1586 ttttt
633 1528 693 1586 idus
709 1531 814 1602 augusti
827 1545 842 1586 a
856 1544 924 1586 nno·
978 1550 1046 1593 nero
1065 1537 1298 1611 quiuquagesimae
1311 1548 1415 1609 quartae
1427 1537 1528 1595 Leonis
1542 1537 1628 1610 llagoi
1651 1537 1779 1608 Epistulae

120 1626 207 1684 mictu
217 1626 301 1683 Tusci
323 1634 351 1682 et
373 1625 449 1681 Bassi
464 1623 644 1696 nsqueiodie
665 1639 703 1680 rot
724 1624 780 1680 hal.
802 1625 922 1696 augusti,
977 1627 1123 1686 sullurutnt
1152 1629 1258 1686 initium
1282 1630 1428 1703 :ullagon
1459 1646 1571 1688 metuere
1586 1630 1779 1688 misericordius

121 1719 269 1777 AEmiliaoo
281 1728 310 1777 et
324 1719 409 1776 Basso
422 1717 525 1776 Coss.»
546 1717 583 1775 llt
597 1718 717 1776 tenebrae
732 1718 767 1775 ab
793 1718 844 1775 hoe
865 1718 926 1775 loco
977 1720 1046 1791 liei,
1075 1722 1159 1778 tutirts
1190 1720 1320 1781 Ecclesiae
1341 1722 1482 1779 catholieo
1512 1723 1688 1794 multiplicata
1718 1732 1782 1779 sum

119 1814 309 1887 dispeltaotur,
320 1828 357 1871 ex
370 1812 467 1870 codice
480 1810 647 1879 Fossateosi,
663 1820 726 1868 aute
740 1811 846 1871 rerbaa
858 1824 923 1868 coo·
977 1814 1086 1889 gaudia.
1105 1834 1114 1869 r

120 1907 211 1962 solata
227 1904 312 1962 Tusci
330 1913 359 1963 et
371 1905 459 1973 Bassi,
476 1904 656 1977 supplendum
675 1904 961 1980 mooettPtesby-13
1009 1905 1051 1963 De
1074 1906 1153 1979 thti
1166 1907 1316 1975 teotcotiit5
1331 1924 1393 1962 uunt
1405 1907 1456 1964 aiot
1476 1923 1552 1979 pnpoe
1571 1907 1650 1964 sien.
1665 1908 1782 1978 -Qua·

119 1996 367 2071 teripralueruut;
382 1998 461 2069 cujus
473 1997 654 2069 supplementi
666 2012 718 2068 ope
730 1997 922 2069 comperimus,
977 2000 1128 2072 driogeotae
1153 2010 1182 2057 et
1204 2000 1312 2072 triginta
1341 2001 1485 2058 sententio
1506 2011 1569 2056 sirot
1592 2000 1660 2058 strui
1680 1999 1781 2057 ethuici

121 2092 226 2149 clerum
239 2106 380 2147 munuum
394 2106 409 2146 a
424 2104 518 2147 meuse
540 2100 655 2162 augusto
669 2092 733 2146 aoni
748 2090 823 2158 258,
840 2104 925 2161 nsque
977 2094 1215 2168 philosophique
1228 2096 1254 2151 iu
1267 2094 1392 2150 Latinum
1407 2094 1535 2152 aliusnon
1548 2095 1697 2164 translato,
1712 2109 1780 2150 ooo-

122 2183 161 2240 ad
185 2198 232 2241 xxt
244 2182 304 2241 tutti
315 2185 380 2241 euni
391 2182 466 2253 259,
482 2198 536 2255 quo
548 2185 716 2240 cnrrsnlatum
735 2186 866 2254 gerebant
876 2183 926 2240 AE-
976 2200 1124 2258 numquam
1140 2186 1217 2244 Sixto
1232 2187 1311 2258 Papo
1325 2186 1469 2260 adscriptio
1482 2186 1600 2244 luerunt.
1616 2186 1703 2254 Quem
1717 2202 1780 2245 cnut

122 2277 249 2333 millenus
271 2287 298 2333 et
322 2277 447 2344 bassus,
468 2276 617 2334 Romanum
631 2276 779 2334 Ecclesiam
794 2277 925 2335 adminis·
976 2280 1147 2352 Augustinus
1159 2292 1279 2336 errasset
1301 2296 1433 2343 errorem.
1457 2281 1528 2338 libro
1542 2280 1661 2338 secundo
1677 2280 1784 2336 iletruc·

122 2378 221 2425 trasse.
238 2368 308 2425 iiiuc
328 2369 375 2425 lux
397 2367 515 2426 allertur
528 2367 664 2440 catalogis
673 2366 832 2426 Corbeieusi
844 2381 926 2440 atque
978 2373 1113 2438 curionum,
1130 2387 1191 2443 oap.
1208 2372 1252 2442 li,
1268 2371 1329 2428 boec
1344 2372 1447 2429 chartis
1461 2373 1598 2429 mandauit
1615 2391 1622 2427 :
1642 2391 1651 2425 ι
1668 2371 1698 2428 lo
1714 2373 1782 2429 libro

121 2459 292 2530 fossatensi,
305 2462 443 2534 inquibus
456 2461 533 2519 Sirtn
548 2461 673 2518 tribuitur
684 2476 771 2518 atinus
786 2477 804 2527 t,
818 2476 926 2518 menses
976 2464 1011 2522 de
1022 2475 1117 2520 tratura
1132 2473 1159 2520 et
1171 2466 1255 2537 gratia
1268 2506 1276 2532 ,
1292 2467 1375 2522 rerba
1391 2466 1515 2537 quodum
1530 2509 1538 2534 ,
1553 2482 1614 2538 qum
1627 2466 1780 2523 relutSirti

121 2568 150 2621 x,
165 2553 227 2610 dies
238 2568 307 2609 xtttr
318 2562 365 2610 aut
376 2570 440 2610 xttv
454 2596 462 2620 ,
478 2554 569 2611 habita
583 2554 697 2610 luctasse
709 2554 815 2610 ratione
828 2569 843 2608 a
858 2552 927 2609 Stoi
977 2555 1092 2612 Romani
1104 2557 1239 2628 pontilicis
1250 2564 1278 2611 ct
1289 2558 1415 2629 martyris
1427 2555 1553 2628 Pelagius
1565 2559 1665 2627 posuit,
1679 2559 1715 2613 ita
1728 2557 1779 2613 de·

122 2644 404 2718 ordinationeudeius
414 2646 708 2719 successorisllionysii
719 2644 925 2702 electionemlo
978 2649 1064 2718 leudi,
1083 2659 1209 2723 tunquam
1225 2665 1320 2707 revera
1335 2650 1457 2721 ejusdcm
1471 2650 1538 2709 stru
1550 2661 1657 2718 esseut;
1673 2652 1698 2707 id
1708 2650 1780 2708 cuitu

123 2736 288 2794 Fussateusi
308 2749 334 2794 et
352 2738 447 2811 regium
471 2741 619 2797 suecorum
635 2739 762 2811 &roingo
782 2742 853 2810 apud
865 2738 927 2795 Bol-
978 2749 1147 2812 putureram,
1163 2740 1211 2797 sed
1228 2749 1321 2813 postea
1335 2739 1388 2813 legi
1402 2741 1480 2814 Xysti
1493 2740 1646 2813 philosophi
1660 2756 1732 2808 esse,
1749 2752 1778 2796 et

126 2833 238 2888 landum
259 2847 382 2890 cessasse
400 2833 498 2889 dicitur
512 2831 684 2904 pnotihcatus
698 2832 873 2901 aounsduns,
887 2832 928 2887 io·
979 2849 1032 2889 ono
1049 2833 1117 2890 Sixti
1132 2832 1286 2889 christiani.
1306 2849 1316 2883 ι
1340 2832 1525 2888 Christianum
1540 2848 1606 2889 saue
1625 2850 1679 2889 unu
1701 2841 1782 2889 sonat

122 2923 217 2995 tellige
239 2935 342 2994 partem
363 2924 429 2981 aooi
440 2925 508 2994 258,
529 2935 557 2980 et
571 2926 651 2981 aliam
674 2925 841 2996 insequentis
863 2925 927 2981 anni
978 2927 1112 2985 sententia
1134 2925 1189 2983 tto
1202 2946 1209 2983 ι
1224 2944 1234 2978 ι
1250 2924 1309 2981 Νοιι
1325 2936 1401 2996 petas
1414 2941 1430 2980 a
1445 2926 1500 2981 lien
1519 2925 1556 2992 hl,
1569 2925 1712 2996 quodcum
1730 2925 1779 2981 ha·

123 3027 240 3089 partem
262 3017 290 3073 lo
312 3018 384 3075 libro
407 3017 561 3074 l'nutiheali
576 3059 584 3084 ,
601 3016 645 3071 uhi
667 3016 701 3073 de
715 3019 796 3072 aoois
809 3014 883 3073 sedis
895 3017 925 3074 S.
979 3018 1080 3085 bueris,
1095 3033 1149 3074 ono
1165 3028 1297 3089 perpetuo
1310 3017 1454 3073 obtinebis.
1475 3036 1484 3069 r
1500 3016 1557 3072 Nun
1573 3018 1654 3088 igitur
1668 3025 1778 3089 autpax

123 3110 190 3169 Sisti
214 3112 322 3184 agitur,
336 3112 405 3168 mira
421 3111 566 3168 oscitantia
579 3109 738 3184 detegitur,
757 3117 787 3166 ut
802 3109 928 3168 observat
979 3111 1074 3175 animi,
1088 3108 1473 3182 auttranquillitaslieclesiu,
1490 3109 1777 3181 autonrpnrissaoitas

123 3205 246 3262 laudatus
258 3203 434 3264 Cuntaotins.
979 3216 1052 3261 esset
1067 3202 1192 3275 precibus
1215 3201 1393 3273 impetranda.
1415 3203 1552 3259 Abhorret
1571 3214 1598 3259 et
1613 3219 1627 3258 a
1648 3203 1702 3259 hde
1716 3217 1781 3260 seu·

155 3299 284 3357 Geminas
317 3299 396 3356 Sixto
419 3314 439 3355 n
466 3298 595 3371 epistolas
622 3296 744 3353 lsidnrns
785 3295 924 3352 adscribit.
939 3308 963 3372 C
980 3298 1063 3352 tentia
1089 3295 1142 3352 lii
1158 3314 1165 3351 ε
1183 3314 1193 3348 ι
1211 3294 1346 3367 Quidquid
1361 3311 1414 3351 unu
1433 3296 1562 3352 cnrroeuit
1583 3295 1616 3352 ad
1635 3295 1781 3352 beatitudi-

121 3391 198 3449 Prinr
211 3392 248 3447 ad
260 3389 376 3448 Gratum
388 3389 534 3463 quemdam
547 3390 729 3461 episcopum,
752 3403 833 3460 quaro
847 3402 928 3445 occa
980 3406 1042 3446 ocrn
1059 3390 1118 3458 net,
1134 3404 1188 3445 uno
1202 3390 1349 3446 conueniat
1372 3389 1475 3445 homiui
1500 3389 1558 3447 liei.
1575 3409 1585 3443 r
1614 3389 1674 3445 Non
1698 3390 1780 3461 igitur

122 3483 198 3540 sione
215 3483 341 3552 Sebettii,
363 3483 453 3550 Nocti,
474 3481 598 3550 Ebinois,
614 3491 642 3537 et
660 3478 782 3537 Corinthi
799 3481 928 3552 scriptam
980 3483 1144 3540 resurrectio
1158 3482 1282 3552 corporis
1294 3496 1358 3554 pars
1370 3483 1422 3538 erit
1440 3481 1576 3538 felicitatis
1598 3493 1753 3539 sanctorum
1771 3528 1779 3549 ,

121 3578 260 3635 contendit
277 3577 405 3634 Biuoins.
431 3577 556 3633 Ostendit
582 3588 673 3632 autem
697 3574 829 3646 epistola,
845 3574 929 3630 linere
980 3584 1074 3648 utpute
1085 3592 1146 3649 quae
1159 3575 1254 3648 gloriae
1269 3575 1316 3632 liei
1332 3573 1491 3632 immortalis
1501 3585 1611 3648 pugnet.
1633 3574 1726 3647 Neque
1738 3591 1782 3631 sa·

124 3671 259 3727 dammis
273 3670 412 3742 episcopis
434 3669 510 3725 adire
531 3667 623 3724 sudem
648 3667 840 3739 apostolicam3
866 3664 928 3721 dato
980 3670 1015 3725 tis
1028 3669 1072 3741 pia
1091 3668 1151 3725 tune
1164 3676 1207 3724 est
1219 3666 1352 3724 sententia
1367 3669 1420 3724 llll
1443 3666 1596 3739 :lleroane
1609 3668 1663 3722 uiro
1674 3668 1783 3738 rapienti

122 3772 167 3820 est
193 3761 247 3820 tut.
272 3761 439 3836 septembris
460 3762 604 3819 Valeriano
627 3770 655 3817 et
680 3761 763 3816 [lenio
778 3760 842 3816 riuis
859 3758 926 3815 clar.
979 3775 1011 3814 oe
1040 3758 1103 3824 Deo,
1134 3758 1234 3830 reqnule
1257 3759 1344 3814 ducito
1370 3771 1512 3832 perentam.
1534 3759 1601 3816 Cum
1621 3759 1783 3832 splendente

122 3870 194 3912 enm.
212 3854 351 3912 Posterior
369 3855 451 3912 missu
470 3864 513 3912 cst
526 3855 661 3925 episcopis
673 3870 722 3926 per
737 3853 927 3924 Hispaniarum
980 3855 1042 3910 lurco
1057 3852 1171 3910 liuhous
1192 3853 1272 3926 xysti
1293 3852 1448 3924 philosophi
1462 3853 1605 3910 sententiis
1620 3853 1689 3910 Sitti
1704 3869 1781 3925 pape

123 3949 278 4021 provincius
299 3949 467 4005 constitutis.
492 3949 520 4004 ln
539 3964 572 4004 ea
596 3958 686 4004 auteur
705 3950 792 4018 capita
808 3947 928 4017 quinque
981 3946 1107 4016 martyris
1127 3959 1226 4000 nomeu
1257 3925 1436 4015 imposuisse(
1442 3986 1451 4012 ,
1477 3945 1590 4002 meritas
1615 3945 1781 4017 llierooyrun

125 4039 312 4096 eontinentur.
323 4040 461 4107 Primum,
477 4040 499 4095 si
515 4041 577 4109 quis
587 4038 720 4095 aduersus
730 4039 872 4109 episcopos
885 4036 927 4092 rei
979 4051 1075 4110 peenas
1090 4034 1176 4092 dedit.
1190 4034 1247 4103 Qua
1261 4034 1296 4092 de
1319 4050 1349 4092 re
1373 4035 1485 4108 insignis
1506 4046 1548 4093 nst
1561 4036 1637 4091 locus
1652 4036 1678 4090 io
1701 4034 1781 4105 Epis·

125 4143 239 4187 actores
258 4130 380 4186 liccloeie
396 4145 507 4187 causato
520 4130 655 4197 habuerit,
675 4131 761 4202 quise
773 4126 928 4200 geretlSe-
980 4130 1034 4189 tola
1058 4127 1189 4183 uouemus
1213 4126 1353 4198 Pelagium
1369 4126 1402 4181 ad
1415 4124 1618 4196 Ctesiphontem
1636 4124 1676 4196 (l)
1695 4141 1730 4179 :r
1749 4121 1783 4180 il·

124 4224 269 4292 modum,
295 4223 329 4281 de
345 4226 478 4298 episcopis
497 4225 579 4281 rebus
589 4225 744 4295 expoliatis,
775 4221 925 4279 autasede
980 4219 1034 4276 loro
1048 4229 1139 4274 autem
1162 4217 1359 4281 temeritatem,
1386 4217 1440 4272 iorn
1453 4216 1583 4272 insaniam
1597 4215 1656 4288 ejus
1667 4214 1781 4288 (liuilni)

123 4317 225 4390 pulsis.
239 4315 381 4385 Tertium,
403 4325 433 4373 ut
451 4315 541 4373 nullus
555 4317 698 4390 episcopus
716 4316 829 4372 alterins
847 4329 927 4386 paro·
980 4315 1041 4385 quis
1063 4312 1145 4383 digno
1166 4312 1251 4383 possit
1276 4309 1415 4381 explicare
1429 4324 1576 4376 serotoue,
1596 4311 1666 4383 quod
1683 4309 1781 4367 librnur

125 4407 255 4464 cbiaoum
269 4409 396 4475 retineat,
410 4408 518 4465 ordinet
533 4450 541 4477 ,
556 4412 598 4466 tel
609 4409 722 4481 judicet.
738 4408 880 4477 Quartum,
894 4406 928 4464 de
979 4405 1058 4475 lipsii
1078 4402 1255 4477 pythagorei,
1283 4402 1401 4459 bominis
1424 4403 1526 4475 absque
1550 4400 1680 4467 Christo,
1702 4411 1783 4474 alque

126 4500 265 4571 episcopis
277 4500 378 4569 iniuste
391 4500 546 4568 damnatis,
565 4510 593 4557 et
610 4501 756 4572 apostolica
769 4499 929 4556 auctoritato
979 4496 1091 4564 ethuici,
1104 4496 1245 4552 immutato
1260 4496 1381 4563 nomine,
1397 4496 1466 4554 Sitti
1486 4495 1634 4566 martyris,
1651 4503 1679 4551 et
1692 4508 1782 4550 roma·

126 4592 271 4649 restitutis.
284 4591 433 4661 Quintum,
456 4593 528 4667 quod
544 4593 769 4650 exeommunicati
784 4592 928 4665 episcopos
980 4606 1022 4647 ose
1043 4590 1173 4647 lieclesiar
1195 4590 1316 4663 episcopi
1344 4589 1524 4662 prenotavit?
1547 4589 1576 4645 lo
1603 4604 1674 4661 qun,
1700 4587 1778 4661 jutta

126 4698 256 4740 ancusae
270 4695 457 4756 onopnssuut.
473 4685 539 4741 liuta
553 4693 597 4740 est
607 4681 799 4740 rutthaleudas
810 4683 927 4753 augusti,
940 4701 968 4765 Ι)
981 4683 1079 4757 dogma
1090 4684 1338 4756 pythagoricorum,
1347 4686 1393 4755 qni
1409 4682 1546 4740 homiuem
1560 4688 1703 4752 exequant
1717 4682 1783 4748 ben,

128 4774 272 4833 Valeriano
287 4785 316 4833 et
332 4777 415 4833 Decio
427 4777 491 4833 uiris
504 4777 610 4834 clariss.
626 4791 697 4833 coss.
713 4774 797 4831 Nobis
811 4775 837 4830 io
850 4774 930 4831 oleu-
982 4775 1056 4833 etde
1076 4775 1137 4849 ejus
1151 4774 1246 4833 dicunt
1256 4790 1318 4832 esse
1332 4774 1505 4839 substantio,
1528 4772 1610 4829 multa
1628 4770 1662 4827 de
1676 4768 1783 4840 perlec-

128 4870 196 4925 tium
217 4869 468 4936 descendentibus,
481 4869 572 4942 quiuis
586 4869 634 4925 has
655 4868 731 4925 Sixto
745 4868 873 4938 epistolas
887 4865 931 4923 de·
982 4870 1056 4925 tinne
1073 4868 1250 4936 dleuotur‚nt
1262 4870 1307 4939 qni
1319 4865 1447 4922 rnluoreo
1463 4861 1616 4937 philosophi
1631 4860 1757 4917 oeseinot
1774 4903 1782 4927 ,

129 4963 237 5022 trabere
247 4973 288 5023 est
302 4964 426 5021 idonens.
443 4964 561 5020 Primum
575 4962 717 5020 tutstssina
728 4973 770 5019 est
787 4963 929 5019 consulum
982 4963 1033 5017 sub
1047 4961 1173 5032 martyris
1187 4961 1297 5016 nomine
1311 4959 1404 5013 bibant
1421 4957 1454 5012 dc
1471 4970 1554 5011 auten
1569 4953 1653 5008 culice
1665 4952 1782 5023 Babylo·

130 5059 278 5115 motatio
296 5056 441 5115 Valeriano
456 5073 509 5113 ono
524 5056 641 5124 Decius,
661 5058 709 5113 sed
724 5055 862 5113 Gallienus
875 5055 932 5112 col·
982 5052 1036 5108 nis.
1054 5051 1176 5122 Denique
1193 5051 1220 5105 iu
1238 5050 1299 5120 ipso
1311 5047 1448 5104 columine
1469 5045 1542 5101 nulla
1567 5043 1783 5117 prophetarum,

133 5147 253 5220 metor
266 5151 294 5208 in
309 5151 465 5218 consulatu,
479 5150 592 5207 sedente
605 5150 691 5205 Sirtn.
708 5148 820 5220 iusuper
834 5148 932 5204 codem
984 5144 1057 5201 nulla
1086 5142 1323 5217 patriarcharum,
1360 5140 1433 5195 nulla
1468 5138 1674 5210 apostolorum,
1710 5133 1784 5191 nulla

133 5251 211 5295 anuo
234 5245 348 5313 scriptas
378 5256 440 5298 esse
467 5240 618 5299 decretales
640 5240 759 5297 ostendit
780 5240 930 5309 inscriptio.
983 5236 1086 5295 Christi
1101 5238 1131 5293 ht
1143 5236 1269 5304 merulo,
1294 5244 1324 5290 ut
1333 5236 1489 5306 episcopum
1515 5242 1544 5288 et
1565 5243 1711 5305 martyrem
1724 5229 1785 5285 siue

130 5333 222 5390 Διιιιο
236 5347 298 5391 roro
307 5333 374 5402 258,
386 5335 480 5392 Sirtus
494 5333 539 5406 qui
555 5341 633 5390 sexto
644 5334 750 5404 augusti
763 5346 858 5404 passus
868 5339 931 5397 est,
983 5330 1085 5389 Christi
1100 5331 1153 5388 lide
1173 5330 1258 5386 luisse
1268 5328 1423 5386 contendat.
1442 5347 1452 5381 r
1480 5325 1662 5401 inspiciantur
1675 5332 1786 5379 senten·

128 5421 264 5481 kalendis
273 5426 481 5500 tepteotbrisad
511 5424 622 5482 Gratum
642 5420 931 5495 scribereonopotuit.
985 5425 1041 5488 tire,
1057 5434 1085 5481 et
1106 5423 1170 5492 att,
1185 5438 1247 5491 qum
1268 5436 1364 5494 puruor
1386 5428 1538 5493 putumque
1563 5414 1785 5487 pelagianismum

985 5516 1159 5585 oreqetaos,
1174 5531 1235 5589 qum
1246 5515 1350 5572 lacinus
1360 5515 1461 5588 probat
1474 5510 1611 5581 Origeois,
1628 5509 1716 5565 virilia
1730 5525 1788 5566 aro·

167 5631 209 5707 (l)
222 5629 375 5697 Biaoebioi,
388 5628 626 5693 indormtorio,et
643 5624 809 5682 domiuusle
822 5622 892 5680 Beul
903 5624 930 5678 iu
986 5610 1105 5684 nutantis
1121 5609 1306 5682 temperantiae
1328 5621 1421 5665 causa.
1440 5634 1475 5648 —
1497 5601 1621 5661 Gelasins
1639 5600 1712 5675 Papa
1727 5600 1779 5658 hnc

129 5701 250 5762 ll'ntum
264 5701 391 5760 &elain
403 5698 630 5762 dotirindnreurir,
645 5706 714 5752 otart
735 5696 804 5752 riuut
818 5695 848 5752 S.
863 5693 930 5752 Sitti

125 5773 154 5832 ll
165 5775 339 5832 nonomine
356 5772 487 5859 adllguot,
503 5784 600 5842 nempe
612 5783 684 5826 aooo
735 5766 763 5823 9.
1024 5767 1064 5894 gl)
1077 5768 1245 5840 hieronym,
1262 5765 1347 5834 Epist,
1360 5763 1394 5818 od
1406 5760 1592 5833 Ctesiphontem
1604 5774 1698 5825 stetu,
1712 5773 1772 5829 pag.

166 5845 211 5918 β)
229 5841 376 5912 crunon,
400 5841 543 5916 aptentur.
557 5857 659 5897 rnotou.
673 5839 800 5914 pontific,
817 5848 884 5895 tum.
898 5836 909 5891 l
923 5876 932 5906 ,
988 5839 1024 5895 lt
1034 5841 1053 5904 ⁴.
1067 5849 1134 5896 tour.
1150 5855 1187 5904 rr,
1203 5838 1268 5892 edit.
1284 5834 1470 5918 benedictin,
1489 5842 1516 5890 et
1530 5832 1558 5888 io
1571 5838 1651 5902 eaput
1661 5845 1715 5885 xsu
1728 5827 1775 5886 ic·

125 5931 195 5991 prag.
205 5915 273 5984 loli,
287 5931 363 5972 unm.
376 5916 407 5972 tl.
985 5926 1066 5976 reor..
1079 5920 1107 5969 et
1116 5924 1184 5966 run
1199 5908 1332 5971 Ezenlnel.
