4150 6250
116 326 156 388 t'a‘l
680 328 725 392 uh
744 326 982 392 euusutucuts
996 316 1222 388 bocloutubs.
1739 328 1775 394 38

120 452 203 508 lassis
216 450 478 524 acceperintiudael.
488 446 622 510 lllisenlnr
638 458 679 510 soi
690 462 767 510 eraut
781 454 927 535 ‘rrpoppuu
942 453 966 514 Α
980 449 1114 503 commoni
1130 446 1349 519 presbyterorum
1365 446 1480 505 consilio
1494 456 1542 506 sua
1558 451 1648 508 oraturia
1661 466 1676 506 a
1691 453 1777 522 priruo

119 544 287 619 perueniri
313 561 453 604 sacrorum
475 548 630 619 peritissimi
657 556 738 620 atquc
763 548 923 616 doctissimi,

119 648 151 693 ut
167 636 450 709 pseudosacerdotes
465 639 788 696 inissererisimiliimuru
807 643 851 697 sit.
870 638 926 697 Nec

121 738 216 786 tamen
236 738 382 802 propterea
404 730 559 788 sacerdotes
582 746 676 788 ornnes
700 730 926 810 ‘trpoppuppurrir

102 830 213 885 -erant,
236 825 300 894 quin
312 838 462 894 paucorum
478 824 567 896 potius
577 823 661 881 luisse
678 825 787 881 ridetur
803 826 861 882 baec
886 826 927 882 di·

119 916 224 987 gnitas,
238 931 300 972 caut
313 927 403 971 tanuen
419 916 496 972 tertia
508 916 597 987 pupuli
612 906 732 989 AEqyptii
756 931 818 986 pars
836 931 927 973 sacer-

120 1008 224 1064 dotalis
236 1009 328 1064 luerit.
343 1007 418 1063 idem
429 1008 463 1063 de
474 1006 679 1064 Atheniensium
693 1008 773 1064 etiam
793 1010 928 1080 gentium·

121 1102 305 1171 querellarum
318 1100 565 1181 ‘itpuypupaparu'roa
579 1110 607 1158 el
616 1100 791 1177 ‘repausandus
804 1113 926 1160 statuen-

121 1192 200 1260 duur,
215 1204 245 1248 ιι
257 1193 318 1249 sine
332 1194 456 1262 erernplu
467 1191 554 1248 l'oisse
566 1188 679 1251 necesse
698 1200 744 1260 sit,
758 1194 780 1250 si
802 1195 860 1252 bec
873 1197 927 1254 duo

121 1300 250 1353 ιιιιιιι,
263 1295 320 1341 taur
335 1286 444 1342 intense
457 1284 575 1355 diversa,
591 1287 860 1344 censuisseuttamcu
875 1286 926 1345 sihi

122 1379 242 1435 inriceur
254 1380 342 1435 luisse
355 1377 551 1449 coniungenda.
570 1377 656 1434 Erant
671 1388 760 1435 tamen
780 1380 926 1437 admodum

122 1484 222 1541 pauca,
239 1471 264 1526 si
278 1486 331 1541 qua
345 1472 397 1527 siut
407 1471 530 1540 omniuo,
543 1484 604 1542 quae
617 1486 633 1526 a
646 1470 809 1529 Christianis
818 1471 927 1530 inducta

126 1571 189 1620 suat
204 1564 268 1620 sine
283 1565 416 1636 exemplo.

165 1659 215 1733 ιιι.
223 1660 340 1717 -Cum
350 1661 440 1731 itaque
453 1658 638 1733 probavimus,
650 1674 738 1733 neque
749 1679 782 1719 ea
793 1663 924 1729 instituto,

125 1770 216 1827 aeque
248 1757 331 1813 etiem
354 1754 389 1812 de
414 1754 495 1824 iacto,
523 1755 698 1829 presbyteros
726 1768 821 1813 ornnes
846 1756 927 1813 luisse

978 556 1063 612 usque
1077 543 1249 613 episcopatus
1259 541 1383 610 exordio,
1402 552 1478 615 gesta
1493 560 1555 600 esse
1572 556 1777 612 commemorat,

979 645 1008 689 ut
1021 635 1047 689 iu
1063 634 1143 690 rebus
1157 633 1269 705 singuiis
1285 637 1432 704 rrernincru,
1457 636 1491 690 ad
1514 653 1594 708 quem
1622 638 1730 710 quidem
1746 652 1778 693 ea

981 741 1024 781 res
1051 726 1192 794 attineret,
1217 726 1422 782 acurrsiliosuo
1448 726 1605 796 excluserit,
1630 742 1779 800 omnesque

978 822 1072 890 etiam,
1084 836 1145 877 curn
1154 838 1199 878 res
1212 822 1331 876 omniruu
1343 821 1498 889 interesset,
1514 820 1661 877 admiserit.
1676 818 1705 879 ld
1717 823 1778 895 qui-

978 913 1039 969 dem
1058 914 1182 985 exigebat
1200 913 1348 983 apostolica
1373 911 1416 968 illa
1430 910 1464 968 de
1479 911 1557 968 donis
1572 913 1663 984 regula
1684 911 1779 985 (cujus

979 1007 1060 1063 nretlu
1075 1008 1264 1079 ruemiuiuurs)
1280 1017 1309 1063 ut
1321 1022 1375 1078 quo
1387 1006 1458 1062 dono
1472 1006 1586 1078 quisque
1602 1004 1697 1062 luisset
1709 1020 1780 1078 prac-

978 1099 1062 1168 ditus,
1079 1101 1139 1171 ejus
1149 1101 1279 1156 exercitio
1293 1100 1373 1156 unice
1389 1099 1566 1165 incumberet,
1594 1114 1643 1155 uec
1666 1115 1696 1156 sc
1719 1100 1780 1156 aiiis

978 1194 1147 1251 irunrisceret
1168 1194 1202 1251 ιι
1216 1193 1317 1250 ιιιιιιιιι
1333 1210 1411 1251 suurn
1429 1194 1495 1250 uiiril
1518 1194 1706 1251 attinentibus,
1733 1193 1781 1251 Se·

978 1288 1161 1359 quituretiam
1177 1288 1249 1344 idern
1267 1304 1330 1345 esse
1343 1288 1444 1345 dorsum
1470 1304 1524 1360 quo
1547 1289 1688 1347 audientes
1701 1296 1781 1360 atque

979 1381 1044 1437 illud
1073 1398 1126 1453 quo
1154 1380 1351 1439 bdelesesseut
1373 1382 1498 1450 ducendi,
1528 1385 1591 1455 quia
1615 1383 1643 1438 in
1668 1381 1781 1440 audien·

980 1473 1047 1528 tiurn
1062 1472 1173 1530 ductore
1186 1472 1376 1530 constituendo
1391 1473 1565 1546 presbyteros
1580 1474 1706 1533 doctores
1716 1490 1781 1532 corr·

979 1566 1071 1622 saluit.

1017 1656 1194 1733 §b-Eraut
1204 1660 1329 1734 equideui
1344 1661 1388 1717 aiii
1402 1658 1542 1720 audientes
1551 1665 1579 1719 in
1591 1665 1780 1737 poenitentium

979 1766 1072 1820 ceraso,
1083 1753 1128 1825 qui
1141 1753 1185 1809 ubi
1193 1753 1347 1825 Scripturas
1355 1764 1436 1825 atque
1445 1752 1612 1813 διδασκαλίαι
1620 1753 1781 1828 audiissent,

124 1850 242 1908 demedi
257 1851 333 1906 douo
345 1850 492 1920 praeditos3
509 1850 588 1922 piane
597 1850 729 1922 sequitur,
739 1851 785 1920 qui
798 1850 870 1908 durno
879 1850 927 1907 ilio
941 1840 965 1915 B
979 1860 994 1901 c
1006 1847 1155 1918 synaxibus
1164 1857 1241 1903 eraut
1256 1846 1426 1903 excludendi.
1437 1844 1471 1903 Et
1480 1849 1589 1919 quidem
1599 1850 1638 1906 iili
1647 1849 1782 1924 Cypriane

130 1945 341 2011 cameasenus
354 1958 409 1999 non
424 1943 507 2000 inisse
521 1943 711 2001 adducendum
724 1944 882 2012 obstrictos,
899 1954 927 2000 at

127 2042 263 2114 patiusab
286 2056 319 2096 eo
332 2038 450 2095 doccrrdi
471 2053 583 2094 munere
597 2048 749 2109 temperare
772 2037 924 2094 debuerint.

128 2133 162 2191 id
174 2137 244 2191 euirn
254 2135 379 2189 temtatur
393 2132 548 2203 Apostolus,
564 2142 605 2198 ut,
629 2144 682 2203 quo
697 2130 770 2187 dono
793 2131 925 2202 quispiam

130 2228 225 2287 inisset
239 2231 396 2295 instructus,
417 2226 444 2283 ei
464 2226 542 2282 unice
566 2226 744 2291 incumberet,
762 2225 853 2291 itanu,
877 2238 925 2290 ιιι,

127 2325 157 2391 b,
170 2328 236 2394 'i,8,
247 2336 318 2383 etc:
335 2325 460 2395 «Sapere
473 2332 636 2397 quemquam
651 2322 684 2379 ad
699 2324 884 2388 sobrietatem,
900 2330 928 2378 et

129 2421 274 2492 uuicuique
297 2420 368 2476 sicut
392 2420 464 2474 beas
479 2417 570 2474 diuisit
593 2434 747 2475 orensuranr
772 2414 845 2486 bdei,
860 2418 926 2483 ebt

129 2515 330 2588 certoquodaru
339 2514 453 2571 consilio
463 2512 499 2570 ita
510 2514 681 2571 distribuisse
697 2515 792 2579 bourn,
806 2522 836 2567 ιι
848 2526 928 2568 nemo

130 2612 203 2669 dona
218 2614 309 2668 cumnis
324 2613 381 2683 ipse
394 2608 504 2677 habeat,
519 2611 589 2666 alter
601 2620 691 2665 autem
708 2618 737 2664 ιι
756 2608 869 2664 alterius
881 2606 928 2664 dc·

130 2702 223 2760 lectus
232 2704 365 2776 suppleat,
374 2706 478 2775 sintque
494 2698 529 2756 ita
541 2702 714 2758 sibiinricem
729 2714 825 2757 onmes
835 2710 928 2755 mantuo

132 2795 291 2862 necessarii,
307 2802 338 2852 ιι
351 2796 566 2851 nonsitscrusua
579 2792 606 2849 iu
622 2808 735 2866 corpore
751 2788 778 2867 (l
789 2792 861 2859 Cor„
878 2807 926 2857 ru,

130 2891 180 2954 ts,
195 2889 243 2955 ab,
256 2886 321 2960 ιι).
338 2907 349 2941 ι
364 2889 391 2945 Si
405 2890 496 2960 itaque
520 2887 676 2958 omnesqui
703 2887 775 2941 dorio
802 2885 927 2957 quopiam

133 2983 293 3047 caruissent,
318 2980 381 3037 illud
416 2994 451 3038 ne
481 2980 590 3053 quidem
619 2993 748 3037 exercere
768 2978 927 3045 debuerint,

133 3076 254 3146 sequitur
265 3074 326 3130 iilos
339 3072 437 3146 quibus
450 3083 577 3146 arcuatum
599 3080 671 3131 esset
686 3070 800 3130 docendi
815 3072 926 3140 donum,

130 3183 167 3226 ne
185 3171 284 3226 docere
297 3168 407 3240 quidem
433 3170 596 3240 oportatissc.
618 3165 797 3240 Agnoscimus
819 3167 927 3222 iuterim

980 1951 1074 1995 nostro
1086 1941 1181 2019 coen,
1198 1943 1220 1996 si
1244 1941 1368 2013 Gregorii
1383 1940 1578 2016 Tiraumaturgi
1591 1945 1713 2016 epistole
1735 1960 1783 2001 ca·

980 2035 1085 2090 nouicae
1099 2034 1263 2091 credendum
1280 2036 1324 2090 sit.
1347 2034 1401 2092 Sed
1414 2036 1511 2093 borum
1527 2034 1629 2093 nulium
1645 2039 1673 2094 in
1687 2034 1782 2095 Eccle-

979 2127 1020 2184 sia
1035 2129 1153 2185 airicaua
1164 2139 1248 2195 catat,
1263 2130 1334 2200 qood
1348 2129 1458 2201 quidem
1473 2132 1568 2197 sciam,
1584 2147 1617 2188 ea
1631 2133 1781 2203 presertim

980 2230 1070 2291 aetate,
1086 2224 1240 2295 uestigium.
1253 2223 1309 2281 Nec
1322 2222 1392 2280 alios
1404 2223 1533 2282 doctores
1548 2225 1684 2283 habebant
1701 2241 1782 2297 qaum

981 2312 1086 2372 lidelcs.
1105 2316 1188 2372 Erant
1201 2318 1272 2373 enirn
1286 2318 1407 2373 omnium
1419 2316 1540 2374 bdelium
1548 2333 1707 2375 communes
1718 2318 1783 2389 ilice,

981 2410 1078 2481 quibus
1093 2411 1120 2465 hi
1137 2410 1295 2477 intererant,
1314 2409 1479 2467 auditiones.
1503 2412 1596 2482 Neque
1608 2427 1673 2467 reru
1685 2426 1719 2467 ex
1734 2426 1784 2469 usu

981 2502 1113 2559 Ecclesiae
1128 2503 1255 2560 alricanae
1270 2503 1316 2559 alii
1338 2506 1480 2561 audientes
1501 2515 1580 2562 eraut
1604 2521 1684 2578 quarn
1711 2518 1785 2563 catc-

980 2596 1117 2652 cbunrcni.
1133 2594 1193 2652 laur
1207 2584 1288 2667 supra
1302 2595 1419 2652 uidimus
1429 2598 1474 2669 qui
1488 2596 1677 2655 catechumeni
1692 2607 1786 2655 esseut

980 2687 1785 2764 denominans,Ep.ru,eusdemaudieutesesseCypriano,

980 2780 1285 2852 [sponsoremque
1305 2783 1387 2837 etiarm
1406 2798 1422 2838 e
1444 2778 1621 2849 Tertulliano,
1638 2797 1692 2852 quo
1705 2797 1785 2837 neruo

980 2875 1132 2930 meliorest
1144 2872 1272 2945 Cypriani
1289 2874 1435 2944 interpres.
1451 2874 1529 2944 bpad
1546 2874 1621 2930 ilium
1643 2872 1786 2930 audientes

981 2967 1101 3023 intinctis
1112 2979 1295 3039 opponuntur,
1312 2984 1366 3040 quo
1379 2983 1462 3025 sensu
1478 2970 1562 3041 tingui
1574 2968 1645 3039 ayrud
1659 2967 1785 3026 eumdem

982 3058 1053 3115 idem
1078 3059 1150 3116 valet
1176 3060 1246 3131 quod
1276 3060 1406 3133 baptizari
1431 3060 1488 3132 (De
1509 3059 1620 3132 cauta,
1635 3078 1660 3117 c.
1684 3061 1712 3134 b,
1738 3061 1783 3137 Ἰ).

982 3153 1100 3211 Eosdem
1116 3155 1256 3211 auditores
1271 3155 1401 3225 appellat,
1416 3172 1530 3227 quorum
1544 3167 1572 3214 et
1588 3157 1719 3229 tyrocinia
1734 3173 1788 3214 me·

131 3277 168 3318 ex
179 3261 303 3332 Apostoli
314 3271 417 3326 mente,
429 3260 453 3315 si
464 3263 510 3331 qui
523 3261 576 3316 sint
591 3271 709 3332 utroque
721 3259 794 3315 dono
821 3258 926 3329 praediti
944 3249 967 3314 C
984 3258 1083 3317 morat,
1096 3263 1130 3305 ue
1145 3250 1206 3320 quis
1226 3247 1332 3305 dubitet
1346 3249 1415 3306 alios
1438 3264 1500 3332 esse
1519 3265 1601 3322 quam
1614 3247 1788 3307 catechume-

131 3363 159 3411 et
168 3357 332 3433 apostasiae
350 3362 377 3409 et
396 3351 574 3418 διδασκαλίας,
601 3349 662 3407 illos
676 3368 736 3408 esse
750 3350 858 3417 merito,
881 3349 931 3406 du·

130 3445 195 3520 pliei
208 3447 264 3514 ilio,
280 3463 362 3518 quera
378 3445 456 3514 dicit,
470 3445 575 3503 honore
593 3445 700 3517 dignos.
712 3444 808 3516 Neque
832 3443 891 3500 bac
915 3459 930 3500 a

130 3545 211 3603 nobis
221 3561 254 3602 eo
267 3545 359 3602 uuirno
380 3544 514 3616 disputata
530 3551 594 3599 sunt
609 3553 638 3598 ut
650 3544 764 3615 ignauiae
778 3544 931 3615 patrocine-

132 3651 206 3704 rnur,
217 3639 309 3712 siquis
321 3639 378 3693 'non
393 3641 430 3693 sit
443 3637 503 3691 aiiis
519 3635 648 3693 Ecclesiae
662 3635 822 3693 necessariis
836 3650 931 3690 mune-

133 3727 209 3785 ribus
221 3727 375 3786 obstrictus.
392 3727 448 3784 lice
474 3727 500 3783 id
515 3728 632 3784 voluisse
651 3726 811 3800 bpostolum
837 3727 932 3784 cristi·

134 3833 250 3888 murus,
264 3825 311 3876 aut
318 3820 467 3876 Ecclesiam
476 3820 642 3892 primaevam.
653 3819 747 3876 Potius
758 3818 930 3891 gaudendum

134 3913 318 3971 existimarem
328 3915 409 3985 atque
421 3911 620 3986 gratulandum,
636 3912 658 3969 si
669 3929 720 3984 qua
733 3911 855 3969 Ecclesia
866 3912 932 3967 taics

135 4003 248 4062 baberet
257 4005 427 4078 presbyteros
441 3995 486 4078 qu'i
500 4015 596 4061 omncs
608 4001 672 4061 huic
698 4003 815 4061 ducendi
829 4002 932 4060 raruueri

137 4099 179 4154 ita
191 4097 342 4156 uastauere
355 4109 479 4170 possent,
489 4108 518 4153 ιιι
539 4111 589 4155 ιιι
607 4097 674 4155 iilud
700 4098 789 4169 ipsum
804 4097 934 4153 indecore

138 4204 354 4265 exequerentur,
380 4207 431 4249 nec
453 4192 507 4248 'alia
534 4192 713 4264 negligerent.
742 4185 819 4257 Orroei
844 4201 933 4244 tarrrcu

135 4285 290 4345 schismatis
304 4297 461 4360 ptoelexlttm
477 4287 576 4342 luciani
590 4283 748 4351 adversarii,
766 4285 835 4355 slqtrl
862 4284 934 4338 ιιιιιο

137 4379 192 4438 boc
204 4381 328 4438 destituti
347 4381 377 4438 iu
392 4391 484 4438 sacros
506 4381 615 4436 ordiucs
639 4377 824 4442 admittantur,
840 4375 934 4434 aliisue

136 4473 267 4533 Ecclesiae
288 4477 360 4533 euris
380 4477 482 4547 paritor
502 4475 663 4530 necessariis
677 4474 867 4537 distiucautur,
880 4481 933 4543 quo

137 4567 229 4625 uiuos
238 4568 302 4624 huic
311 4568 415 4640 possint
426 4583 498 4625 curre
510 4570 589 4624 urtice
597 4566 755 4639 inuigilar03
766 4565 836 4638 tyuod
851 4566 932 4622 ctiam

983 3357 1044 3398 nos.

1020 3433 1074 3505 59.
1088 3465 1124 3475 —
1138 3431 1172 3490 Et
1186 3433 1295 3506 quidem
1319 3435 1407 3505 ipsum
1429 3431 1483 3492 boc
1497 3433 1665 3492 audientiam
1685 3449 1787 3492 nornen

984 3525 1231 3599 frequentissimum
1244 3527 1328 3584 luisse
1341 3525 1458 3583 ridetur.
1471 3526 1526 3583 Nec
1536 3537 1625 3585 umen
1637 3528 1744 3597 desunt,
1755 3542 1788 3585 ea

984 3637 1092 3693 quoque
1107 3633 1197 3690 etate,
1214 3620 1337 3692 exempla
1362 3621 1461 3691 quibus
1486 3619 1570 3676 iidem
1595 3619 1784 3678 catechumeni

984 3713 1106 3779 audiunt,
1117 3721 1145 3769 et
1155 3713 1263 3785 quidem
1272 3709 1343 3784 apud
1354 3712 1454 3767 latinos
1464 3711 1546 3767 etiam
1558 3713 1715 3784 scriptores.
1728 3709 1788 3767 iarn

985 3805 1103 3862 diximus
1123 3805 1175 3861 boc
1198 3804 1458 3862 catechumenorum
1487 3807 1598 3862 nomine
1625 3813 1703 3862 asuru
1727 3817 1789 3861 esse

985 3901 1088 3956 clerum
1100 3913 1253 3958 rorrrauuut.
1270 3899 1342 3957 Usus
1355 3904 1436 3958 etiarn
1448 3909 1491 3957 cst
1514 3911 1542 3958 ei
1565 3901 1624 3973 ipse
1637 3902 1788 3975 Cyprianus

986 3992 1102 4048 bestius.
1118 3993 1165 4049 lib.
1179 4007 1218 4047 ur.
1233 4006 1293 4063 cap.
1309 3991 1361 4056 98;
1379 4000 1407 4048 et
1421 3989 1616 4062 Tertullianus,
1630 3992 1665 4051 de
1687 3992 1787 4050 Coron.

986 4085 1043 4140 liii.
1055 4097 1079 4141 c.
1095 4083 1124 4154 23
1136 4094 1163 4140 et
1178 4081 1292 4141 Praescr.
1316 4101 1343 4141 c.
1357 4085 1401 4140 ti.
1415 4083 1494 4155 Quod
1509 4096 1606 4157 quarto
1632 4086 1740 4141 uadem
1756 4085 1787 4143 S.

986 4179 1128 4250 lingosum
1142 4181 1242 4236 saceio
1261 4190 1289 4236 et
1300 4179 1431 4251 deinceps
1455 4180 1544 4236 solum
1569 4180 1697 4237 obtinuit.
1708 4177 1789 4251 orrod

986 4272 1094 4329 teroad
1109 4288 1216 4328 nonrcur
1241 4273 1409 4329 audientium
1429 4273 1537 4339 attinet,
1564 4289 1580 4330 e
1601 4289 1680 4330 sacro
1694 4275 1787 4333 codice

987 4367 1097 4424 omniuo
1112 4367 1222 4421 drictum
1238 4373 1315 4437 puto,
1329 4381 1361 4421 et
1377 4364 1430 4421 iilis
1454 4366 1581 4421 nimirum
1604 4365 1672 4423 lucis
1690 4365 1788 4439 quibus

987 4458 1054 4514 iidcs
1065 4459 1123 4530 ipsa
1141 4457 1220 4514 toties
1239 4461 1302 4518 ἀκιή
1318 4457 1428 4524 dicitur,
1443 4473 1524 4530 quant
1546 4458 1668 4516 auditum
1694 4460 1786 4518 reddi·

987 4553 1084 4608 derunt
1098 4551 1202 4624 antiqui
1214 4554 1295 4610 ctianr
1309 4554 1481 4624 interpretes.
1491 4554 1541 4624 lta,
1559 4551 1625 4612 tides
1638 4571 1671 4612 ea
1685 4556 1788 4627 auditu,

138 4661 241 4732 relnque
261 4661 409 4736 negligant,
426 4675 520 4734 preces
538 4661 658 4733 publicas
674 4659 854 4732 quotidianas,
871 4658 935 4714 risi·
947 4647 974 4713 li
987 4645 1095 4703 audilis
1119 4656 1209 4702 autem
1226 4663 1274 4718 bes
1295 4649 1419 4714 Veibfflib
1435 4645 1526 4716 ss⁰ssbs
1554 4664 1583 4714 ¹»
1600 4648 1649 4715 ¹73
1674 4649 1790 4708 ΑιιΙὶῑῑιι

138 4753 266 4813 tamum
292 4755 423 4821 utentum,
447 4753 642 4810 rusurrurtuuen
665 4752 932 4819 catechumenorum,
987 4741 1063 4807 unet,
1079 4741 1151 4806 cat..
1167 4757 1206 4808 ru,
1218 4740 1247 4808 ι,
1263 4741 1298 4809 5;
1315 4740 1432 4798 versun
1456 4742 1563 4798 auditus
1577 4729 1636 4807 het,
1651 4739 1663 4796 1
1678 4741 1786 4808 suess..

137 4857 370 4905 mentorum
391 4848 612 4910 celebrationem,
630 4845 852 4903 nroribttndorum
876 4847 934 4902 via·
986 4853 1017 4904 it,
1033 4837 1077 4893 ιδ.
1099 4836 1138 4892 Ex
1154 4837 1342 4893 teierlaulessl
1370 4833 1551 4891 insliutrrenlo
1572 4834 1684 4892 deduxit
1712 4837 1788 4908 Apo·

137 4939 202 5010 iifl,
212 4941 374 5016 quuduuius
388 4944 467 5016 huius
481 4944 601 5000 muueris
616 4952 757 5013 praetextu,
770 4960 804 4999 ue
829 4952 936 5015 tempus
988 4930 1086 4996 stolus,
1099 4927 1163 4995 isa,
1181 4944 1236 4990 urar,
1252 4926 1364 4994 i:(iuis
1378 4927 1492 4982 credidit
1510 4925 1613 4983 auditui
1624 4927 1736 4984 uostrol
1750 4927 1787 4983 lta

138 5031 248 5108 metu
261 5035 314 5092 sbi
328 5051 442 5092 uacuum
468 5035 622 5107 relinquant
644 5035 756 5106 reliquis
779 5035 936 5092 nruueribus
988 5021 1061 5077 enlm
1075 5021 1163 5075 ¹⁰⁰¹¹¹b
1190 5020 1264 5074 iiiam
1279 5018 1402 5090 libidini
1416 5015 1575 5074 Tssflflfflissl
1602 5034 1710 5091 ilidii
1730 5017 1786 5093 Gi·

140 5125 328 5212 marm
342 5145 374 5186 ω
390 5127 868 5198 meslano„suq12p05101302.‚122
882 5137 935 5183 110„
989 5113 1129 5186 priauique
1145 5114 1316 5182 interpretes.
1330 5110 1371 5168 bd
1394 5111 1468 5166 illurn
1492 5120 1581 5167 autem
1598 5111 1674 5169 irate
1697 5107 1787 5171 locam

101 5279 113 5316 ἰ
144 5215 276 5294 phere
295 5223 487 5281 christianitati
507 5221 715 5291 conformium
736 5237 770 5278 ne
798 5221 935 5293 probantia
989 5223 1040 5266 nos
1053 5208 1239 5265 disertissimis
1254 5205 1344 5264 verbis
1360 5207 1453 5264 retulit
1470 5201 1627 5279 Apostolus,
1651 5207 1743 5276 iiam,
1758 5223 1787 5279 x,

143 5301 324 5388 afflsffleru.
990 5301 1034 5361 ib.
1050 5297 1123 5361 iutro
1137 5304 1189 5360 iruc
1203 5302 1304 5359 iaciunt
1322 5304 1442 5375 vulgaria
1464 5303 1603 5376 gentilium
1623 5303 1787 5379 ἀκροάματα,

179 5401 200 5478 ί
222 5395 520 5479 Ι1.--ιΥιιιιιιιιιιιιιιι
533 5408 560 5464 lu
573 5408 626 5463 hoc
642 5406 810 5463 audientium
824 5403 937 5460 doctore
989 5397 1049 5471 quie
1062 5399 1163 5454 ludicra
1180 5398 1339 5474 plerumque
1357 5406 1458 5454 essent.
1481 5395 1595 5454 Faciunt
1617 5404 1707 5453 tantm
1731 5396 1789 5454 ιιι-

137 5497 346 5578 muclone
358 5503 430 5561 ulios
442 5519 457 5560 a
468 5503 604 5576 Cypriane
617 5501 790 5574 presbyteros
801 5497 938 5570 quamdo-
991 5503 1063 5548 tasse
1079 5491 1300 5563 pbilosophorum
1315 5493 1359 5547 iila
1375 5508 1435 5564 quae
1449 5507 1501 5546 non
1527 5490 1587 5545 aliis
1610 5491 1790 5550 crederentur

139 5603 233 5658 m
242 5609 307 5655 esre
319 5599 466 5658 ausultos.
482 5596 610 5667 idemque
624 5596 658 5651 ab
672 5611 704 5651 eu
718 5594 743 5648 iu
758 5594 817 5648 aliis
830 5605 937 5663 quoque
990 5601 1071 5658 quarn
1085 5586 1233 5656 initiandis,
1248 5586 1281 5642 ad
1294 5586 1407 5641 lorrrram
1422 5583 1622 5658 mysteriorum.

139 5679 935 5752 aabmararensessaneadmudumreustmue,
1029 5679 1044 5753 ι
1063 5678 1219 5736 ιιι-Ιιιιιιι
1232 5671 1790 5750 certemysteriorumlormamrepraesen-

136 5779 323 5862 sshlne
333 5786 451 5859 quisque
461 5785 632 5851 ‘eminuisseb
652 5782 680 5839 in
695 5795 727 5839 ea
742 5780 816 5836 ilium
831 5778 939 5835 duxerat
992 5773 1065 5831 tabat
1080 5781 1135 5830 tota
1148 5772 1405 5829 catechumenorum
1420 5768 1628 5828 erudiendorum
1644 5767 1722 5825 ratio.
1744 5766 1791 5824 t-

135 5861 422 5940 demeum.
434 5873 551 5936 Proinde
565 5875 602 5935 ita
615 5873 807 5947 intelligendus
818 5881 861 5931 est
875 5886 937 5930 cour
992 5869 1072 5927 uendi
1086 5882 1182 5926 novam
1197 5864 1312 5922 sormam
1322 5863 1504 5936 suscipiebant
1521 5861 1644 5923 initiandi
1657 5857 1785 5939 (lisura,
