4150 6250
762 526 1205 656 MONI'I'DM

745 754 779 811 itt
804 755 977 815 subiecta
1008 702 1232 817 indulserim.

239 890 270 949 i.
302 891 378 964 opos
400 905 436 948 er
463 898 517 965 quo
540 892 675 973 destnpta
699 902 762 953 sont
792 894 941 970 fragmenta
965 900 1103 973 sublecta,
1133 904 1298 964 Athanasius
1324 908 1372 965 lib.
1398 908 1433 966 de
1452 904 1570 983 synod„
1595 926 1623 967 n.
1648 911 1705 981 ll,
1731 910 1815 984 epist.

145 985 180 1044 de
199 984 323 1046 deereiis
348 988 465 1046 llicaenaa
488 988 601 1063 synodi,
631 1006 660 1048 tt.
684 988 732 1060 25,
752 1002 780 1051 ct
801 992 881 1065 epist.
897 995 932 1053 de
956 998 1090 1054 sententia
1115 994 1236 1074 Dionysii
1261 1002 1360 1071 passim
1379 1003 1482 1060 laudat.
1511 1002 1640 1076 Eiusdem
1664 1007 1814 1064 meminere

146 1080 264 1138 Dasillm
295 1081 345 1149 lib,
378 1083 413 1141 de
439 1080 540 1151 Spiritu
568 1096 682 1154 sancto,
715 1100 774 1158 cap.
809 1084 865 1154 ll,
887 1097 914 1146 et
939 1088 1145 1166 sllieronymns,
1167 1094 1201 1151 dc
1231 1094 1333 1167 Seripl.
1365 1096 1447 1166 ecci,
1481 1112 1507 1155 c.
1538 1094 1586 1169 lb,
1620 1098 1672 1156 Sed
1705 1098 1732 1156 ni
1759 1099 1814 1158 duo

147 1176 282 1237 bonores
313 1196 368 1237 noo
403 1197 456 1237 una
489 1180 594 1270 ratione
627 1178 693 1239 illud
726 1182 855 1240 indicant.
878 1180 1059 1260 Hieronymus
1095 1190 1167 1247 enirn
1199 1193 1225 1247 ln
1259 1180 1345 1249 libros
1370 1202 1488 1265 pumuor
1522 1194 1681 1252 distinctum
1713 1195 1814 1252 docet:

146 1272 263 1331 Duilius
295 1289 362 1332 sero
381 1272 503 1348 quadam
529 1272 602 1332 llllns
624 1274 706 1333 rerba
728 1286 864 1351 tamquam
888 1296 921 1336 ex
944 1282 1063 1338 secunda
1090 1283 1124 1338 ad
1153 1285 1310 1357 Dionysium
1336 1287 1525 1359 cognominem
1548 1287 1664 1359 epistola
1696 1286 1810 1359 proiert.

143 1366 184 1427 lle
213 1379 316 1427 autern
347 1385 407 1428 sera
441 1378 468 1427 et
504 1368 531 1426 io
562 1370 646 1428 libros
683 1370 841 1430 distinctum
873 1388 950 1444 esse,
992 1386 1020 1432 ct
1052 1377 1175 1449 epistole
1212 1393 1311 1434 unomen
1348 1376 1374 1435 ci
1406 1393 1556 1451 congruere
1593 1394 1624 1436 ex
1663 1377 1814 1437 Atlrauasio

145 1472 257 1522 mustos
279 1483 287 1522 ι
313 1466 357 1538 qrri
379 1462 486 1535 uiridem
511 1463 539 1520 in
563 1463 659 1521 endem
680 1462 794 1536 epistola
818 1466 853 1523 de
879 1470 1012 1525 scttteotia
1036 1466 1156 1542 Dionysii
1182 1477 1209 1526 et
1231 1486 1307 1527 trutn.
1331 1471 1375 1539 ta,
1401 1470 1500 1530 dicit:
1530 1490 1540 1524 ι
1564 1472 1709 1546 Dionysius
1731 1486 1813 1545 quam

144 1560 271 1632 primum
299 1560 341 1616 sui
363 1558 494 1633 purgandi
522 1560 608 1631 gratia
641 1560 724 1617 libros
749 1561 849 1629 edidit,
873 1576 941 1634 quos
964 1563 1102 1634 inscripsit
1128 1563 1265 1620 Elencbns
1289 1572 1316 1620 et
1340 1564 1488 1638 Apologia,
1514 1584 1524 1620 ι
1546 1576 1574 1622 et
1598 1581 1673 1621 num,
1699 1566 1743 1633 ll,
1777 1565 1813 1622 de

149 1658 249 1729 scripto
275 1658 374 1715 eodem
397 1659 437 1716 sic
459 1660 577 1731 innuitur
598 1678 605 1714 ι
625 1677 634 1712 ι
652 1658 802 1730 Epistolom
827 1674 902 1715 suam
927 1658 1039 1718 Dieuchi
1063 1664 1091 1716 et
1114 1659 1252 1731 Apologia
1283 1659 1360 1715 titulo
1385 1658 1533 1732 inscripsit.
1553 1678 1562 1712 ι
1582 1659 1703 1731 Epistola
1733 1659 1813 1730 igitur

142 1760 198 1809 ersi
232 1761 354 1824 anatoor
390 1753 416 1809 in
450 1750 534 1811 libros
563 1751 709 1819 distincta,
742 1752 864 1823 adeoque
891 1768 941 1808 una
973 1768 1007 1809 ex
1032 1752 1085 1819 iis,
1119 1768 1185 1823 onas
1215 1751 1358 1825 Dionysius
1392 1768 1407 1806 a
1439 1766 1469 1808 se
1495 1750 1582 1808 lusins
1612 1759 1639 1808 et
1672 1751 1813 1808 tractantis

142 1861 221 1904 more
239 1845 368 1913 (Delatus,
384 1844 633 1928 διδασκαλικώτερον
654 1848 838 1925 ὑφηγούμενος,
854 1857 934 1902 vulcat
950 1845 1057 1920 (Epist.
1073 1846 1099 1915 i,
1119 1845 1153 1899 od
1165 1842 1243 1916 Xyst.
1259 1845 1281 1917 ).
1304 1842 1363 1901 Noti
1383 1844 1418 1900 ab
1442 1859 1477 1901 eo
1495 1843 1605 1913 siaiim,
1629 1848 1659 1899 til
1677 1841 1713 1899 de
1732 1856 1813 1901 aceu-

143 1941 252 1999 satiooe
277 1957 326 1998 sua
351 1942 533 1999 comoronitus
552 1938 619 2008 luit,
649 1941 730 1997 otissa
753 1948 805 1998 est.
834 1936 900 1995 liam
921 1955 954 1999 oo
977 1938 1146 1997 accusationi
1171 1935 1267 1993 deesse
1294 1936 1449 2005 sineretur,
1473 1937 1497 1991 si
1520 1935 1673 1992 rescribere
1688 1934 1812 1992 Romane

144 2036 257 2106 praesnti
280 2034 381 2092 diutius
400 2034 539 2103 differret,
561 2033 624 2092 lruie
645 2034 787 2108 epistolam
815 2031 962 2105 premisit,
986 2049 1067 2109 qurum
1091 2032 1176 2100 inira,
1197 2048 1272 2087 ιιιιιιι.
1302 2031 1337 2099 ll,
1365 2032 1452 2103 ipsum
1473 2028 1633 2104 Dionysium
1659 2030 1817 2088 Romanum·

147 2130 290 2201 alloquens
301 2142 435 2186 memorat
448 2131 491 2188 lais
500 2128 606 2186 serbis:
618 2134 662 2187 ιιιιι
675 2153 717 2187 σοι
730 2126 763 2185 δι’
774 2126 849 2191 ἄλλης
859 2129 996 2191 ἐπιστολῆς
1009 2124 1124 2206 ἔγραψα.
1140 2125 1270 2195 Quocirca
1287 2141 1341 2182 noo
1357 2125 1439 2182 modo
1454 2123 1584 2198 Epistola,
1599 2123 1650 2183 sed
1664 2133 1694 2183 et
1703 2124 1812 2199 epistola

146 2229 312 2285 modoad
332 2229 489 2301 Dionysium
511 2229 684 2301 cognominem
707 2243 761 2284 oon
785 2227 856 2282 male
881 2243 896 2282 a
916 2227 1016 2284 Basilio
1037 2227 1200 2301 appellatur.
1218 2224 1306 2283 Sinnul
1318 2228 1398 2285 etiam
1414 2237 1457 2284 est
1471 2226 1602 2283 Elenclras
1615 2236 1643 2282 ct
1664 2224 1812 2297 Apologia,-

142 2321 278 2378 lileocbus
292 2323 401 2394 quilleno
415 2323 635 2378 aduersariorum
649 2331 677 2377 et
688 2330 875 2376 accusatorum
891 2318 1029 2391 Dionysii,
1051 2320 1097 2391 qui
1115 2320 1141 2374 in
1156 2318 1208 2374 hoc
1227 2334 1311 2390 opere
1326 2328 1510 2392 coarguuntur
1527 2331 1609 2390 atoue
1621 2316 1807 2390 confutantur,

141 2416 272 2489 Apologia
284 2432 351 2474 sero
373 2417 457 2487 ipsius
476 2416 593 2487 Dionysii
615 2413 660 2487 qrti
675 2416 703 2470 in
720 2414 817 2471 eodem
833 2413 867 2470 de
882 2413 997 2483 objectis
1011 2413 1150 2469 erroribus
1170 2427 1232 2469 sese
1252 2429 1367 2485 purgare
1392 2413 1498 2470 nititur.
1512 2412 1591 2482 Quod
1613 2428 1675 2471 cum
1692 2412 1809 2471 lellelter

141 2508 316 2578 praestiterit,
332 2506 498 2579 inmorientis
520 2505 660 2562 calomnia
681 2506 777 2562 merito
799 2504 887 2576 arguit
899 2503 1064 2561 Athanasius
1079 2502 1300 2575 Arianos,quod
1314 2516 1347 2561 es
1361 2504 1436 2562 uelut
1455 2505 1575 2580 Dionysii
1594 2507 1733 2565 uenditare
1753 2518 1808 2565 non

142 2601 320 2663 erubuerint,
331 2616 388 2671 quc
414 2600 463 2657 illo
481 2600 570 2671 palam
583 2610 730 2672 aperteque
747 2596 881 2671 rejecerit.
925 2592 930 2602 '

236 2691 272 2750 ll.
293 2694 343 2750 λιιι
359 2693 476 2768 Dionysii
496 2693 619 2767 apologia
639 2707 673 2749 so
698 2692 808 2763 maioris
829 2699 872 2748 est
891 2691 1038 2759 momenti,
1059 2690 1132 2763 quod
1146 2690 1287 2762 specimini
1306 2690 1386 2748 nobis
1404 2690 1439 2749 sit
1460 2706 1572 2762 corum,
1592 2708 1653 2764 puae
1678 2691 1808 2753 iecissent

139 2786 234 2845 oetem
259 2785 354 2847 Patres
384 2787 495 2843 Nicaeno
526 2787 642 2843 coneilio
666 2785 839 2859 superiores,
867 2783 967 2856 ortibus
993 2784 1125 2841 nonnulla
1158 2784 1316 2841 exciderunr
1348 2785 1449 2841 ariano
1484 2784 1617 2859 impietati
1640 2787 1807 2862 inspeciem

140 2889 269 2950 mnata,
297 2883 319 2935 si
347 2896 396 2937 eos
425 2879 522 2937 similis
552 2879 699 2937 necessitas
729 2877 763 2935 ad
799 2877 988 2951 explicandam
1019 2879 1141 2949 apertius
1164 2888 1283 2937 mentem
1315 2894 1393 2939 suam
1415 2879 1601 2953 compulisset.
1631 2881 1696 2939 lnde
1732 2882 1805 2938 enim

140 2968 222 3026 facile
236 2969 375 3026 adducitur
393 2970 510 3043 quisque
527 2970 678 3037 utcredat,
701 2969 837 3025 neminem
859 2983 893 3025 es
917 2969 956 3027 eis
984 2968 1105 3026 loturum
1121 2968 1222 3039 inisse,
1246 2970 1369 3043 quinon
1393 2972 1506 3044 perinde
1533 2984 1614 3045 atque
1642 2975 1803 3049 Dionysius,

140 3065 259 3124 eandm
274 3064 416 3138 perediam
431 3065 597 3135 damtnassst,
621 3079 655 3120 ex
679 3064 826 3136 inocopcro
847 3078 906 3142 quc
921 3062 1117 3132 exscribenda,
1141 3079 1201 3134 prore
1224 3062 1453 3136 praetermittenda
1476 3064 1596 3124 duxerit.
1620 3065 1800 3139 Athanasius,

136 3173 210 3218 snm.
247 3158 292 3228 il,
316 3159 430 3231 exponit
458 3161 485 3218 in
509 3158 581 3217 inmo
608 3158 735 3222 modum:
751 3157 864 3215 rirrba
888 3157 947 3232 ejus
969 3172 1049 3228 quam
1071 3158 1200 3230 plurima,
1222 3157 1320 3230 quibus
1343 3175 1388 3216 res
1414 3159 1441 3214 in
1468 3159 1646 3233 questionem
1669 3160 1800 3222 adductas

34 3230 37 3253 ¹
138 3251 352 3322 sepenumero
372 3267 407 3308 os
428 3250 518 3310 allatis
538 3250 687 3310 ratiociniis
702 3250 822 3322 colligit,
844 3259 891 3310 ant
906 3250 1087 3320 interrogatos
1108 3250 1279 3307 aduersarios
1305 3251 1426 3323 coarguit
1445 3252 1489 3310 nel
1512 3254 1712 3313 obtrectatores
1736 3272 1801 3314 suos

135 3345 313 3412 minuamur,
340 3344 375 3401 ob
399 3345 530 3408 librorum
556 3346 737 3417 prolixitatem
762 3344 904 3408 onnitteos,
926 3359 957 3400 eo
977 3344 1064 3398 solnm
1088 3359 1257 3415 propomam,
1285 3360 1347 3415 oue
1367 3345 1402 3401 ad
1426 3347 1632 3406 criminationes
1656 3350 1801 3408 diluendas

134 3442 288 3497 necessaria
312 3440 488 3497 ridebuntur.
508 3440 562 3496 »lo
585 3442 619 3497 iis
641 3455 724 3508 sero,
748 3455 808 3511 quae
831 3438 973 3506 exscribit,
998 3437 1130 3493 librorum
1150 3438 1275 3494 ordinem
1300 3438 1410 3495 minime
1440 3449 1548 3509 serrat,
1576 3437 1624 3498 sed
1649 3451 1730 3513 pront
1755 3459 1800 3502 res

133 3541 253 3591 macuto
275 3532 465 3604 postulabant,
486 3547 558 3590 nune
579 3547 661 3589 norrun
682 3544 710 3589 ot
730 3533 842 3589 ultorum
865 3532 1045 3604 iragmontunr
1066 3547 1100 3587 ex
1123 3530 1192 3587 libro
1214 3533 1302 3601 primo
1317 3531 1437 3603 proiert,
1454 3542 1509 3588 ιιιιιι
1525 3533 1645 3594 allodes
1660 3537 1796 3608 secundo,

135 3626 387 3699 rasomonorum
403 3641 546 3683 rurenses
569 3627 672 3698 primo,
689 3628 732 3682 cui
748 3627 820 3688 sliuil
836 3643 869 3683 ex
885 3633 981 3694 ouarto
997 3624 1129 3696 adjungit.
1144 3627 1181 3682 At
1193 3640 1254 3680 cum
1270 3627 1356 3682 nostri
1368 3627 1481 3683 instituti
1497 3629 1532 3684 sit
1546 3629 1638 3700 operis
1662 3629 1797 3702 ejusdem,

136 3727 229 3789 ntpsto
249 3720 285 3780 ad
312 3719 465 3782 linmanom
499 3721 654 3792 pontificem
686 3719 797 3792 scripti,
825 3719 953 3790 reliquias
987 3718 1271 3789 accuratecnlligcre,
1302 3720 1407 3791 singula
1446 3717 1600 3793 fragmenta
1635 3737 1670 3779 co
1699 3724 1797 3784 ordine

133 3814 263 3872 crotone
284 3817 369 3872 satius
394 3814 483 3872 visunt
497 3824 555 3878 est.
572 3832 651 3888 ornem
667 3826 777 3874 servunt
795 3817 866 3872 inter
880 3831 910 3871 sc
924 3812 1000 3882 libri,
1030 3829 1064 3868 es
1085 3813 1183 3883 quibus
1207 3812 1344 3885 descripta
1368 3826 1441 3871 sunt.
1470 3813 1628 3884 Densumsi
1653 3827 1794 3892 gestorum

132 3921 195 3979 que
216 3909 269 3964 boc
290 3923 359 3980 opus
381 3917 594 3979 praecesserunt,
609 3909 708 3966 seriem
728 3907 931 3979 expendamus,
946 3905 980 3960 ad
1006 3915 1113 3974 tempos
1126 3905 1198 3959 cirea
1212 3904 1283 3974 qttttd
1306 3905 1474 3962 elaboratum
1497 3915 1554 3972 est,
1572 3909 1688 3981 quodam
1713 3909 1794 3966 modo

135 4000 288 4071 perlingere
312 4000 414 4055 licebit.
441 3999 541 4070 Nempe
568 4002 671 4072 aliquot
697 4001 816 4068 Dionysii
831 3998 1007 4060 Alexandrini
1031 3998 1165 4052 aduersus
1186 3999 1354 4056 Sabellinoos
1378 4001 1516 4072 epistole,
1552 4002 1639 4073 xysto
1664 4003 1794 4076 pontiilco

135 4091 270 4164 vulgate,
301 4092 469 4148 accusationi
503 4093 575 4149 illuns
599 4094 769 4150 occasionem
794 4093 938 4149 dederuut.
961 4091 1026 4150 inde
1052 4090 1168 4163 permoti
1191 4093 1313 4149 nonnulli
1337 4094 1486 4162 Catlrolici,
1509 4096 1570 4166 ipso
1605 4096 1791 4155 Alexandrino

133 4185 495 4256 prasoteirrsrio,llornarn
520 4188 757 4254 conuenturum
787 4201 849 4258 tyuae
870 4181 922 4242 sibi
959 4181 986 4241 in
1007 4185 1066 4258 ejus
1092 4190 1199 4260 seriptis
1222 4188 1617 4260 displicebootadllootanum
1630 4190 1787 4261 porntilieem

129 4277 295 4334 όιιιιλοιιιιιι.
310 4277 407 4334 Statim
421 4278 561 4335 adrnouult
585 4271 727 4353 Dionysius
741 4280 879 4336 litrruttnns
896 4279 1055 4353 Dionysium
1071 4281 1295 4339 Alexandrinum·
1317 4283 1343 4338 ls
1357 4297 1421 4339 sero
1433 4284 1470 4339 llli
1494 4283 1652 4342 sotisiaoerc
1667 4286 1785 4356 primiano

129 4370 273 4439 breuibus,
301 4385 418 4444 tuosque
432 4373 621 4442 prolixioribus
646 4375 743 4430 litteris
756 4414 763 4439 ,
778 4387 856 4445 nunno
872 4375 1002 4447 priosum,
1019 4385 1049 4431 ut
1075 4375 1237 4432 Atinanasins
1251 4383 1345 4444 ιιιιιιι,
1371 4378 1484 4434 studuit.
1500 4377 1632 4446 Quocirca
1657 4380 1695 4436 nil
1718 4389 1793 4438 setst

128 4465 276 4538 miuus
306 4465 377 4522 ltanc
418 4466 536 4540 Dionysii
570 4468 721 4540 apologiam
765 4467 800 4523 ad
823 4479 924 4524 nortiam
954 4468 1012 4524 etia
1050 4468 1164 4524 attinere
1201 4483 1370 4528 censeamus.
1414 4468 1483 4529 Eam
1519 4485 1627 4545 quoque
1660 4471 1787 4532 eruditus

129 4557 319 4619 ῐλιιαιιοιιιιιιι
340 4559 375 4618 ad
401 4562 463 4618 anrnl
488 4553 570 4634 huius
594 4563 699 4620 saltum
726 4561 821 4620 relerrl
845 4575 927 4635 posse
949 4563 1108 4621 arbitratur.
1133 4561 1287 4623 Cousmnr.

788 4739 1062 4818 EPISTOLAE
1085 4741 1129 4818 11

548 4933 664 4992 Dromm
684 4943 865 4990 serranorum
885 4943 1001 4990 entscoar
1020 4945 1055 4988 sn
1074 4941 1214 4989 ntotrrstmr
1233 4941 1378 4997 norimus,

397 5093 402 5167 ζ
435 5093 488 5151 Seu
503 5093 597 5166 ilperis
619 5093 691 5167 qood
713 5093 848 5152 Elcnclrus
871 5101 899 5153 et
922 5089 1053 5167 Apologia
1082 5094 1293 5163 inscribebatur,
1323 5092 1481 5166 iragmsnta.

892 5257 930 5311 lit
942 5261 1021 5326 primo
1030 5256 1103 5320 libro,

172 5379 444 5452 ebernensem
464 5389 930 5464 tompus,quandoDeusnonorat
1018 5391 1044 5447 i.
1066 5381 1571 5470 napsptteaesotreainmran·
1715 5461 1767 5472 w

131 5475 222 5542 hire

160 5544 404 5646 {findentibus
410 5577 664 5646 (lnqntltAtiranasins)
671 5580 800 5644 prometur
806 5579 928 5634 Christum
1011 5590 1049 5633 sa
1059 5595 1114 5632 son
1125 5585 1174 5632 ιιιιι
1185 5581 1231 5645 (ait
1240 5578 1387 5631 Athanasius
1397 5581 1479 5630 statim
1488 5577 1561 5644 post)
1571 5587 1636 5640 bna
1652 5589 1700 5641 ara,
1709 5589 1739 5632 ιιι
1748 5589 1781 5631 ιιι

128 5669 235 5748 w
250 5671 318 5728 esse,
329 5669 358 5719 ιιι
369 5674 427 5730 pote
440 5666 543 5718 uerbum
553 5667 734 5731 etsapieottaor
746 5672 773 5718 et
783 5665 908 5718 uirtutem.
980 5681 1060 5734 xpina
1073 5674 1184 5733 tinetas
1197 5679 1249 5729 ιιιι,
1258 5679 1289 5720 ιιι
1300 5679 1373 5732 optes,
1383 5669 1505 5730 atto-pa.

177 5787 212 5850 2
233 5787 328 5868 lippus
349 5803 415 5852 sero
437 5791 508 5853 Deus
532 5809 592 5853 cum
623 5795 681 5855 lec
713 5811 767 5855 noo
793 5796 942 5870 peperisset
1031 5799 1060 5856 2.
1080 5802 1178 5879 οὐγὰρ
1194 5799 1226 5865 bn
1242 5802 1340 5859 ιιιιωι
1354 5797 1444 5877 dyonea
1459 5798 1493 5860 dn
1513 5799 1576 5865 sris
1588 5821 1597 5874 ι
1610 5793 1666 5860 rien
1686 5793 1790 5857 inonda-
