4150 6250
159 280 214 338 ssa
763 286 1096 357 transemuncnr.
1117 266 1229 348 ttrttn.¹
1754 292 1807 352 ast

156 397 325 468 sapientibus
346 400 498 470 reipublicae
513 416 606 470 causa,
622 410 652 459 ut
662 418 729 474 quos
742 404 811 460 ratio
824 419 877 459 non
891 418 954 474 pos·
969 407 994 467 Α
1007 418 1053 461 ecs
1066 419 1100 461 es
1115 403 1259 472 blacrobio,
1275 408 1322 479 qui
1333 416 1394 479 post
1412 408 1510 466 citatos
1524 425 1540 466 a
1552 425 1583 469 se
1601 410 1756 469 Trebatium
1780 421 1808 470 et

155 498 217 554 set,
232 504 281 545 eos
295 490 328 546 ad
351 492 469 573 oillcium
483 496 579 567 religio
600 497 729 565 duceret,
744 512 834 553 norrne
848 512 956 553 ornnem
1009 498 1152 571 Virgilium
1165 500 1293 557 observat
1308 502 1361 558 boc
1379 500 1530 561 hostiarum
1545 521 1641 578 penus,
1655 507 1732 579 cujus
1751 508 1809 565 sola

155 583 319 654 religionem
334 584 453 642 lunditns
467 590 650 646 sustulerunt?
666 612 676 644 r
693 588 807 663 (Cinea,
829 590 873 646 lib.
886 606 904 646 ιι
925 592 957 645 de
1007 591 1097 646 atrinra
1116 606 1251 661 sacratur,
1271 595 1306 652 ab
1327 596 1514 669 haruspicibus
1527 600 1673 657 animalem
1692 602 1808 658 bostiam

157 673 255 732 Nutur.
267 678 350 746 deor„
364 695 423 751 pop.
436 679 518 752 dli.)
1008 687 1097 741 vocari
1113 687 1255 759 (dicaam,
1272 690 1317 745 tit.
1332 708 1360 747 nt
1376 691 1524 763 Saturnini„
1548 712 1606 767 cap.
1623 696 1650 763 5,
1674 712 1735 768 pap.
1756 696 1810 752 522

198 773 231 825 tlt
255 769 494 838 exlrisnmnibns,
519 792 579 847 quar
605 776 631 832 in
654 776 705 834 lvoc
724 789 752 834 et
771 777 957 855 surperioribns
1007 789 1030 833 et
1042 779 1138 853 seqq).
1157 783 1256 841 Strabo
1270 785 1379 854 autem,
1394 787 1439 843 ubi
1463 788 1498 845 de
1513 789 1657 846 Persarum
1671 789 1810 847 sacriticiis
1855 852 1856 855 ¹

155 864 283 919 articulis
305 864 438 936 disputata
452 878 533 932 sont,
548 869 626 926 lacilc
637 871 750 943 quilibet
762 872 890 943 colligere
909 887 958 943 po-
1007 873 1136 945 disputat,
1162 877 1221 934 baec
1242 880 1380 935 irremorim
1401 880 1550 953 prodidit:
1578 902 1588 936 v
1613 883 1711 939 Dicunt
1724 883 1809 939 Deum

155 956 225 1011 terit
250 956 284 1012 ab
309 958 429 1013 llrrrobio
456 959 626 1018 validissimis
653 964 785 1018 rationum
813 964 958 1020 rrrvrnrcntis
1008 966 1076 1022 nibil
1089 968 1158 1024 velle
1172 980 1270 1041 praeter
1290 973 1386 1028 bestiae
1413 978 1541 1030 animani.
1561 995 1571 1030 r
1589 975 1703 1047 (strab,
1717 975 1760 1031 tit.
1774 992 1810 1033 xv

155 1051 333 1121 comprobari
348 1049 460 1107 deorum
484 1054 653 1125 imagineset
674 1058 818 1119 simulacra
847 1073 958 1128 prorsus
1008 1058 1114 1134 Geopr„
1144 1080 1204 1135 pap.
1234 1062 1405 1139 732.)dtqui
1427 1068 1530 1124 etlrniei
1556 1067 1654 1124 irustra
1682 1069 1812 1135 putabant

154 1142 313 1213 danrrmnda
334 1161 396 1202 esse
410 1156 437 1203 et
450 1148 606 1218 rejicienda.
629 1149 750 1207 Gentiles
774 1152 907 1223 siquidem
931 1152 958 1207 in
1008 1150 1213 1222 consantanei,
1226 1156 1283 1212 sive
1299 1156 1453 1227 hujusmodi
1464 1160 1572 1217 vietirna
1586 1160 1706 1216 nutriri:
1723 1180 1733 1214 a
1751 1159 1809 1217 Nisi

154 1238 282 1293 animum
297 1253 375 1294 artum
391 1241 489 1297 trustra
503 1242 666 1299 induxerant
679 1259 729 1310 ea,
745 1246 891 1312 simonie,
903 1244 960 1301 sive
1008 1243 1089 1310 forte,
1108 1247 1170 1301 ruti
1185 1249 1319 1305 arnobius
1330 1249 1418 1308 iacere
1428 1252 1528 1324 arguit,
1545 1271 1555 1306 v
1574 1254 1723 1310 bostiarmn
1736 1254 1805 1310 dens

155 1340 224 1401 post
245 1345 338 1387 eorrvm
358 1332 554 1391 dedicationem
569 1351 601 1391 ac
620 1338 869 1405 consecrationem,
892 1338 959 1395 dena
1009 1338 1116 1394 animas
1129 1339 1251 1408 devorat,
1264 1353 1311 1398 aut
1322 1345 1378 1399 uris
1390 1344 1549 1402 ardentibus
1560 1346 1683 1403 nidorem
1694 1361 1809 1403 consee-

156 1421 321 1495 dematque
333 1424 367 1479 ab
379 1425 431 1483 illis
446 1428 563 1485 corrierri
578 1429 627 1485 sibi
643 1446 722 1502 posse
735 1448 825 1504 opem,
838 1432 957 1489 latorem
1010 1439 1092 1499 tatur,
1107 1443 1135 1489 et
1157 1433 1265 1503 lustuns,
1281 1437 1454 1509 pasciturque
1477 1439 1511 1494 dc
1528 1438 1641 1505 cnissis,
1657 1453 1725 1510 quas
1745 1454 1811 1494 evo-

156 1525 192 1570 et
208 1516 346 1572 beneficia.
372 1517 445 1576 Niltii
465 1523 603 1578 enimvero
615 1523 643 1579 in
658 1524 697 1580 eis
708 1533 782 1591 erat,
797 1525 850 1582 nisi
864 1541 880 1581 a
895 1541 958 1582 uera
1000 1537 1089 1605 ntum
1099 1528 1222 1586 ardentia
1233 1531 1347 1597 viscera,
1366 1531 1456 1590 adbuc
1476 1533 1542 1589 suda
1561 1534 1596 1590 de
1617 1534 1767 1606 sanquine,
1783 1541 1812 1591 et

158 1606 302 1667 divinitate
315 1628 427 1682 prorsus
440 1614 600 1685 abhorrens,
614 1633 645 1673 ae
655 1633 731 1675 suam
745 1620 902 1691 plerumque
922 1621 958 1677 ob
1010 1623 1147 1693 prioribus
1162 1626 1286 1682 ltunreeta
1300 1626 1333 1682 de
1348 1629 1460 1683 succisi
1487 1629 1608 1695 linaei„
1622 1629 1670 1686 lib.
1685 1645 1731 1697 vn,
1747 1645 1808 1700 pap.

157 1703 354 1773 turpitudinem
374 1721 439 1763 vero
451 1717 478 1764 et
493 1710 596 1780 optimo
617 1711 673 1768 ileo
687 1714 793 1782 penitus
808 1715 956 1786 iudignum.
1009 1715 1085 1785 2¹2).
1103 1715 1198 1773 Coissa
1214 1729 1315 1785 antem,
1329 1736 1417 1791 graece
1427 1725 1532 1787 ανίσσα,
1547 1722 1590 1779 vel
1609 1726 1696 1789 anisa,
1716 1733 1757 1778 est
1769 1723 1812 1779 ni·

156 1792 229 1863 Qum
243 1797 350 1867 quidem
364 1800 453 1857 adbuc
468 1801 566 1859 mirum
578 1805 605 1860 in
621 1805 731 1862 modum
746 1822 779 1863 ex
801 1809 834 1864 iis
860 1811 958 1865 conlir·
974 1797 1071 1874 Bdor,
1084 1822 1131 1864 seu
1146 1809 1302 1866 animalium
1316 1811 1421 1881 arvina,
1443 1825 1470 1869 et
1484 1806 1630 1885 pinguedo,
1646 1817 1703 1871 sive
1720 1815 1810 1873 lomus

156 1899 282 1955 mantur,
298 1906 358 1961 quae
369 1891 425 1964 jani
436 1894 500 1951 alibi
515 1896 586 1952 ltuud
596 1900 680 1955 semel
700 1900 957 1972 animadvertimus,
1011 1917 1091 1973 quern
1105 1918 1167 1960 cnm
1179 1904 1266 1961 inostia
1280 1907 1463 1974 comburitur,
1486 1911 1555 1980 ignis
1568 1909 1685 1966 exhalat.
1709 1909 1811 1968 Ultimo

92 2026 93 2033 ,
157 1980 210 2055 nbi
225 1983 305 2039 etiarn
320 1986 479 2055 maidieste,
503 1991 540 2046 uti
556 1994 708 2063 opinamur,
721 1994 817 2063 cuivis,
830 1996 959 2067 prajudi·
1010 2007 1103 2052 autern
1118 1998 1171 2054 boe
1182 2014 1264 2055 seusu
1278 2000 1313 2056 ab
1325 2017 1438 2059 auctore
1450 2012 1544 2059 nostro
1557 2004 1699 2076 accipitur·

156 2074 231 2131 eatis
252 2078 423 2147 opinionibus
438 2097 491 2137 non
509 2085 615 2153 ponitus
624 2097 775 2156 excecato,
790 2091 960 2148 ostendimus
1046 2088 1082 2146 At
1095 2091 1211 2163 gentiles
1222 2108 1317 2149 revera
1327 2093 1476 2151 credidisse
1491 2095 1557 2151 deos
1569 2111 1634 2153 suos
1649 2096 1692 2153 iris
1712 2095 1811 2155 cnissis

157 2167 230 2223 nibil
255 2169 318 2226 inde
337 2180 429 2229 eontra
445 2175 575 2247 imagines
590 2179 821 2248 pieacliristianis
840 2183 893 2238 coli
911 2199 958 2239 so·
1012 2188 1086 2257 pasci
1100 2199 1129 2242 et
1140 2188 1266 2255 saturari,
1289 2203 1323 2243 ex
1339 2188 1381 2243 bis
1400 2188 1514 2262 colliqes
1532 2189 1681 2247 Clemetrtis
1693 2192 1813 2248 Alexan·

156 2262 225 2318 litas
238 2279 316 2335 posse
324 2265 468 2339 quidquam
479 2273 573 2328 eoniici
585 2271 717 2344 (dissert,
731 2276 758 2331 in
771 2274 883 2343 Minue..
898 2293 958 2349 cup.
1010 2278 1183 2335 drini'verbis
1200 2298 1207 2335 ε
1224 2284 1286 2343 Ζεὺς
1299 2280 1327 2337 tt
1351 2282 1461 2361 ὕστερον
1489 2286 1627 2359 ἐπιφανής,
1651 2286 1673 2339 αὶ
1693 2286 1748 2346 θεὸς
1768 2281 1810 2352 ἦν,

157 2354 209 2422 iti,
220 2365 271 2413 uri.
280 2355 308 2425 ἲς
326 2368 386 2414 lom.
399 2361 553 2432 tAppurni.,
568 2364 613 2420 tii.
622 2382 649 2431 v,
659 2367 760 2422 disten.
770 2370 796 2432 l.
805 2386 863 2438 cup.
872 2369 899 2435 9,
906 2379 958 2425 url-
1010 2376 1087 2447 τάχα
1095 2397 1147 2430 που
1162 2384 1208 2437 τῆς
1218 2378 1326 2437 avisant·
1335 2384 1385 2433 τῶν
1397 2378 1551 2450 ὀπτωμένων
1559 2385 1638 2454 κριῶν
1648 2378 1808 2450 praeludio,

156 2449 190 2515 5,
206 2467 266 2522 μσς).
278 2452 463 2527 715οοοοοο.)
479 2455 533 2514 Sed
547 2459 582 2515 dc
597 2458 639 2515 lais
652 2460 741 2516 adbuc
756 2464 958 2536 insubseqtietl-
1011 2466 1041 2529 ἦς
1055 2465 1082 2523 δι’
1094 2469 1124 2524 τὸ
1141 2470 1219 2546 γέρας
1241 2469 1333 2542 λαχεῖν
1356 2469 1522 2545 ὁμολογοῦσιν
1544 2472 1616 2545 ὑμῶν
1634 2473 1657 2526 oi
1676 2473 1727 2527 irat
1741 2470 1812 2546 (Cle-

156 2542 235 2601 tibns
248 2545 481 2606 dissertationibus
495 2553 594 2608 uostris
609 2553 753 2624 agendum.
1007 2574 1082 2617 attens
1097 2561 1251 2627 dicasnuda,
1267 2564 1399 2618 Adrnonit.
1412 2565 1447 2618 ad
1459 2573 1540 2635 pena,
1557 2582 1618 2636 pap.
1637 2562 1693 2638 ta).
1707 2561 1810 2637 iupiter

445 2690 560 2748 CAPUT
573 2691 670 2750 xxm·
1011 2666 1096 2711 autent
1108 2673 1168 2710 cunr
1178 2667 1267 2726 postea
1279 2657 1453 2728 apparuisset,
1468 2656 1491 2712 ai
1503 2657 1607 2729 pridem
1620 2656 1683 2712 deva
1697 2664 1763 2721 οαο1,
1776 2665 1807 2711 ttt

1010 2750 1054 2821 qni
1077 2750 1329 2804 atmrnntcnrniunt
1353 2750 1467 2805 anisacar
1490 2755 1557 2823 sorte
1582 2751 1712 2819 tensimt,
1735 2750 1810 2819 cujus

1011 2841 1110 2912 praemii
1123 2858 1152 2897 re
1170 2858 1225 2897 este
1236 2841 1376 2915 participet
1390 2843 1466 2898 nestri
1485 2843 1527 2897 dei
1539 2844 1702 2913 corrfitentur.
1716 2842 1810 2914 Neque

1011 2934 1100 2990 minus
1122 2934 1266 3006 perspicue
1287 2934 1313 2991 id
1343 2935 1448 3005 probari
1472 2943 1559 3006 potest
1572 2935 1733 2991 auctoritate
1753 2935 1809 2991 Lu-

1010 3026 1093 3093 ciam,
1109 3027 1155 3098 qui
1170 3026 1290 3095 quidem,
1304 3028 1429 3098 quamvis
1442 3024 1570 3084 ethnicus
1584 3026 1678 3093 bomo,
1691 3042 1755 3084 suos
1770 3035 1810 3082 ta-

156 3101 256 3183 Quiivvs
264 3107 417 3169 argumentis
429 3105 553 3159 Arnobius
561 3107 624 3160 nulla
636 3109 756 3184 sacrificia
767 3095 816 3162 eliis
827 3111 959 3174 gentilium
1010 3137 1072 3178 men
1085 3120 1151 3178 (1005
1166 3120 1219 3178 1100
1241 3131 1394 3200 campa,
1411 3121 1527 3179 irridere
1542 3137 1625 3176 ausus
1640 3131 1681 3177 est
1697 3138 1704 3176 ι
1731 3140 1742 3174 r
1766 3120 1807 3177 Dii

190 3167 304 3243 lactentia
316 3183 373 3219 esse
381 3170 551 3245 demonstret,
575 3179 650 3247 atque¹
670 3187 701 3236 op
747 3179 794 3249 tias
813 3177 1016 3252 eorumdemc.
1140 3233 1161 3251 Η
1240 3218 1256 3242 ,.
1370 3182 1383 3229 ·,
1598 3215 1630 3227 ..

191 3231 321 3295 gemmam
343 3241 452 3284 fanones
473 3241 579 3295 Herm,
603 3236 645 3286 ubl
661 3237 694 3287 de
723 3245 786 3287 0302
805 3237 911 3302 mmuh,
924 3239 957 3290 de
1006 3228 1083 3287 juna
1096 3215 1190 3272 Jllblm
1200 3217 1364 3286 adbldellles,
1378 3234 1405 3272 ln
1419 3227 1518 3272 lessam
1528 3215 1731 3286 desplelulltqet
1742 3229 1810 3286 quo·

193 3296 309 3345 ⁰⁰³⁸⁵³⁰²
320 3296 405 3346 ”⁰⁸¹³ae
417 3299 505 3348 mima·
1009 3325 1064 3381 quo
1077 3325 1184 3367 versum
1199 3310 1303 3367 intento
1315 3312 1404 3381 capite
1418 3352 1427 3378 ,
1442 3310 1683 3382 circumspectant,
1697 3307 1808 3365 sicunde

199 3400 229 3458 Si
254 3400 309 3458 teti
330 3403 561 3477 commentitiique
582 3405 636 3460 sint
650 3404 701 3473 dii,
717 3407 740 3463 si
754 3407 826 3463 nulla
841 3409 956 3480 proinde
1009 3403 1201 3460 subvolantem
1218 3405 1306 3475 ignem
1318 3404 1438 3468 videant,
1449 3402 1493 3459 vel
1504 3402 1627 3458 nidorem
1642 3402 1669 3457 in
1680 3416 1811 3459 aeresur·

160 3494 197 3550 iis
212 3494 321 3566 templa,
334 3494 458 3563 delubra,
470 3493 530 3552 iana
543 3498 766 3563 construendam
780 3499 889 3556 illorum
905 3501 960 3558 sint
1009 3497 1161 3568 genesimi
1176 3499 1363 3575 ἀναφερομένην
1375 3498 1494 3564 ανίσσαν,
1509 3497 1635 3566 circaque
1647 3494 1750 3550 iunium
1765 3509 1809 3550 ro

157 3586 388 3660 lalsaeitnagines,
401 3590 579 3661 lictitiasipna
589 3598 617 3646 et
628 3591 783 3658 simulacra,
795 3606 884 3649 tronne
896 3593 959 3649 inde
1011 3598 1112 3644 tantem
1126 3604 1198 3645 esse.
1222 3589 1300 3658 erod
1316 3588 1339 3644 sl
1354 3589 1413 3660 quis
1431 3588 1503 3645 lurte
1515 3602 1623 3644 sacrum
1642 3587 1731 3653 iaciat,
1744 3602 1811 3659 epu·

159 3680 284 3751 seqnitur
297 3681 368 3737 nulla
383 3697 493 3753 prorsus
505 3681 637 3739 sacrificia
652 3683 752 3740 debere
768 3700 893 3755 umquam
906 3684 959 3742 illis
1011 3680 1102 3736 lantur
1112 3696 1218 3749 omnes,
1234 3681 1307 3737 iutno
1323 3680 1470 3748 inbiautes,
1494 3696 1526 3738 ac
1540 3695 1694 3737 muscarum
1709 3679 1736 3735 in
1750 3694 1811 3736 mo-

162 3774 241 3829 fieri?
257 3774 337 3847 Atqui
353 3776 446 3846 primae
467 3775 674 3848 propositiones,
692 3778 728 3833 nti
753 3778 878 3849 superius
891 3779 972 3835 vidi·.
1010 3790 1068 3832 rem
1088 3777 1247 3847 sanquinem
1265 3785 1444 3846 exsuperatas,
1467 3775 1569 3832 circum
1588 3789 1649 3832 aras
1666 3772 1808 3831 effusum»

162 3884 237 3933 mus,
257 3871 291 3928 ab
317 3871 438 3929 Arnobio
464 3872 640 3929 invictissime
665 3874 825 3944 probantur.
848 3874 919 3945 Ergo
931 3884 960 3931 et
1010 3873 1133 3940 Luciam,
1148 3872 1397 3944 deSucrific.,pnp.
1413 3871 1489 3943 185).

161 3963 258 4019 ultima
269 3964 350 4020 simul
362 3981 423 4020 cum
440 3965 494 4021 illis
509 3976 563 4021 tam
587 3976 681 4037 aperte
701 3966 885 4021 demonstrata
900 3979 957 4032 est,
1047 3968 1100 4026 Sed
1115 3968 1187 4024 bane
1198 3966 1421 4025 absurdissimam
1434 3965 1590 4038 opinionem
1603 3963 1741 4020 llrnobius
1751 3962 1812 4020 ideo

160 4069 193 4111 ut
215 4073 251 4112 ne
265 4057 373 4112 minima
388 4057 498 4129 quidem
521 4058 636 4129 amplius
659 4057 817 4129 probatione
838 4058 959 4128 indigere
1010 4059 1128 4125 relellit;
1141 4058 1202 4131 qnia
1216 4057 1283 4112 nibil
1299 4056 1379 4129 plane
1392 4072 1428 4113 ex
1440 4056 1577 4112 immolata
1590 4055 1709 4126 qualibet
1724 4053 1811 4111 bostis

160 4151 295 4207 videatur,
308 4150 409 4209 Verum
425 4152 560 4224 prioribus
580 4151 632 4207 iliis
653 4152 791 4208 erroribns
803 4150 958 4222 singiliatim
1010 4152 1044 4209 ad
1058 4152 1171 4208 deornm
1193 4149 1371 4205 substantiam
1391 4147 1524 4222 pervenit.
1544 4144 1680 4218 Quidquid
1690 4147 1764 4203 enim
1777 4147 1814 4206 ab

160 4243 319 4312 continentis,
344 4254 372 4301 et
386 4244 467 4322 lrunc
494 4259 601 4316 quoque
620 4243 796 4316 posteriorem
823 4243 959 4300 Arrtobius
1010 4244 1156 4319 gentilibus
1172 4240 1376 4309 immolabatur,
1390 4240 1549 4297 reuranebat
1560 4242 1588 4295 ln
1603 4251 1684 4303 terra,
1698 4247 1745 4295 aui
1756 4254 1814 4296 sur-

160 4339 312 4411 speciatim,
326 4354 357 4394 ae
372 4337 550 4409 peculiaribus
559 4336 735 4393 rationibusa
751 4353 781 4393 se
798 4336 959 4409 impugnant·
1010 4356 1071 4396 sum
1093 4338 1282 4403 sublevatum,
1299 4346 1382 4409 atque
1408 4337 1434 4392 in
1458 4337 1566 4392 cineres
1586 4335 1758 4400 dissolutum,
1784 4337 1810 4393 in

161 4433 441 4504 dnmessejudicavit.
1010 4447 1070 4489 eam
1084 4431 1234 4487 recidebat.
1254 4429 1325 4488 ilino
1343 4445 1449 4487 rursum
1469 4429 1540 4485 idenr
1554 4429 1689 4487 Lucienus
1714 4446 1722 4485 r
1746 4429 1812 4488 ‘tibi

198 4526 369 4583 blanilcstum
388 4529 476 4598 imque
490 4526 578 4597 primo
599 4525 664 4582 iacit
683 4525 782 4582 nullam
796 4526 901 4596 penitus
915 4541 958 4584 su·
1009 4527 1105 4582 ανίσαα
1115 4524 1253 4586 ironiam:
1262 4525 1303 4580 ami
1314 4523 1470 4603 ἱεροπρεπής
1480 4532 1565 4601 χωρεῖ
1576 4521 1638 4590 ἄνω,
1651 4527 1726 4587 aaiir
1735 4527 1812 4582 αὐτὸν

160 4622 257 4679 cailtcii
274 4621 353 4677 ullius
368 4620 573 4692 diisgentiliunt
594 4619 710 4676 lactendi
727 4634 836 4675 causam
849 4634 958 4692 possea
1011 4620 1055 4674 τὸν
1081 4620 1185 4695 οὐρανὸν
1212 4615 1380 4675 tenutam
1402 4618 1492 4694 ,ἡρέμα
1516 4614 1613 4686 (Luc,
1637 4615 1722 4684 tire,
1750 4633 1810 4689 pap.

389 2826 428 2883 De
446 2829 578 2902 pentilinnt
592 2832 735 2902 sacrificiis.

426 2982 575 3025 annicetus
584 2983 689 3025 uulnus·

161 4729 298 4788 quoquam
307 4714 442 4785 adsignari
454 4715 574 4784 (airinom,
585 4713 630 4768 tii.
642 4729 689 4777 vn,
697 4730 756 4785 pop.
772 4713 855 4769 lister
864 4711 958 4787 seqq).

162 4810 235 4867 Nihil
248 4813 320 4868 enim
332 4810 477 4876 commodi,
492 4818 538 4866 aut
550 4809 627 4878 lueri,
644 4820 691 4864 ant
704 4807 850 4864 iructuses
865 4809 898 4864 iis
910 4809 958 4874 dii,

161 4907 187 4961 si
209 4905 254 4976 qui
276 4905 349 4971 sint,
372 4904 510 4975 percipere
530 4917 647 4974 unquam
669 4909 824 4973 potuerunt.
848 4900 958 4956 Falsum

162 4997 297 5069 siquidem
311 5004 353 5053 cst
366 5011 414 5052 eos
426 4995 564 5051 sarriticiis
579 4995 625 5059 aii,
639 5001 675 5064 etg
684 4994 789 5050 nutriri.
806 4993 871 5047 Nam
886 4994 959 5064 quis·

163 5091 225 5162 quis
237 5090 289 5146 cibi
310 5101 337 5146 ct
351 5088 474 5145 alimenti
492 5088 594 5160 aliquid
611 5088 720 5160 accipit,
743 5087 767 5142 is
782 5086 904 5167 nrortulis
923 5086 960 5142 sit

163 5197 282 5259 oportet.
299 5186 339 5241 Dii
352 5201 415 5241 rern
428 5183 595 5240 irnnrortales
605 5199 665 5239 csse
680 5181 788 5238 debent.

201 5280 305 5336 lleindc
320 5277 392 5349 qrrod
411 5278 523 5334 dcnrrnn
540 5278 671 5334 :altaribus
692 5277 853 5332 admovetur
871 5274 960 5330 inarti-

165 5385 266 5431 matmn
282 5375 347 5431 illud
358 5386 411 5440 est,
421 5384 467 5428 :rut
484 5373 631 5429 anirnatum
646 5370 751 5445 (inre),
764 5372 800 5425 ,tt
811 5368 848 5425 dii
863 5378 961 5425 neutro

165 5469 199 5524 ali
214 5477 336 5539 possunt.
357 5466 415 5521 Nan
439 5465 587 5520 inanimato
603 5463 727 5535 quidem,
750 5462 800 5517 nisi
824 5462 959 5532 corporei,

164 5562 242 5618 sicuti
256 5562 379 5617 irornincs
393 5559 528 5620 dicantur,
545 5572 577 5613 ac
597 5556 710 5628 proinde
725 5555 760 5610 dii
778 5570 830 5609 non
842 5554 906 5610 sint.
920 5553 961 5610 dd

1014 4709 1090 4781 186).
1110 4707 1198 4764 illidor
1219 4710 1287 4764 enim
1312 4709 1357 4764 illc
1378 4723 1451 4763 sacer
1478 4719 1553 4778 atque
1579 4709 1679 4765 diritius
1708 4725 1811 4766 sursunt

1013 4805 1106 4876 fertur,
1129 4812 1203 4874 utque
1217 4803 1244 4857 in
1256 4802 1340 4873 ipattnt
1353 4801 1445 4856 coelunt
1460 4801 1602 4871 subuectus,
1616 4803 1742 4873 paulatini
1756 4802 1810 4875 dif-

1013 4895 1141 4968 funditur.

1048 4986 1228 5057 Quamobrem
1242 4983 1368 5042 Clemens
1380 4985 1577 5042 alexandrinas
1589 4986 1653 5044 inde
1661 4997 1734 5044 recte
1744 5003 1811 5046 con·

1014 5085 1071 5141 licit
1083 5084 1141 5142 ltaee
1151 5100 1165 5137 a
1177 5082 1332 5139 christianis
1341 5081 1514 5137 meritissimo
1522 5082 1583 5152 jure
1595 5084 1701 5154 penitus
1714 5084 1788 5155 rejici
1801 5103 1808 5140 z

1012 5183 1122 5243 Εἰκότως
1144 5178 1198 5259 ἄρα
1228 5186 1266 5253 τῷ
1302 5184 1336 5252 μὴ
1362 5180 1490 5252 stampiso»
1520 5175 1622 5240 ἡδοναῖς
1656 5179 1748 5234 θυσίαν
1780 5181 1810 5233 οὐ

1013 5275 1200 5351 προσάγομεν,
1225 5273 1294 5326 κάτω
1322 5291 1374 5326 που
1403 5274 1446 5325 καὶ
1470 5268 1529 5326 oaldi
1557 5271 1632 5348 μὲκρι
1654 5278 1732 5345 νεφῶν
1760 5279 1811 5327 τῶν

1013 5369 1187 5441 παχυτάτων,
1204 5369 1304 5442 μακράν
1318 5363 1346 5421 δὲ
1362 5368 1524 5430 καὶτούτων,
1538 5374 1585 5427 τῆς
1603 5363 1646 5422 διὰ
1657 5371 1703 5421 τοῦ
1714 5372 1811 5421 καπνοῦ

1013 5458 1209 5529 ἀναθυμιάσεως
1237 5458 1402 5532 φθανούσας,
1430 5454 1456 5510 s'r'
1480 5477 1530 5511 που
1556 5456 1641 5529 φθάνει
1671 5452 1812 5527 (Clamores

1012 5550 1166 5615 Alexandr..
1192 5565 1230 5604 vit
1254 5548 1394 5613 Stratone,
1417 5566 1478 5621 pop.
1497 5547 1572 5620 707).
1601 5547 1694 5603 llerito
1709 5549 1813 5622 πνοαί

164 5655 225 5711 baec
239 5669 303 5711 vero
318 5654 410 5711 nulius
422 5652 581 5708 diffitebitur
596 5651 628 5706 iis
638 5650 784 5704 animatum
797 5648 886 5720 potius
896 5660 961 5703 con·
1012 5660 1064 5698 aon
1075 5640 1207 5711 offerimur
1216 5640 1381 5711 tacdfieinrn,
1394 5642 1437 5706 qni
1448 5640 1619 5711 uoluptatibus
1632 5657 1683 5696 non
1696 5642 1809 5710 rupitm,

164 5753 257 5807 reirire
276 5767 356 5824 quam
372 5749 559 5808 inanimatum.
580 5745 733 5803 Anitnatum
758 5742 846 5808 enirn,
871 5751 901 5796 ut
924 5739 962 5796 ait
1012 5751 1071 5790 σοον
1080 5734 1190 5808 inferint
1204 5749 1250 5788 ner
1260 5749 1339 5805 utque
1349 5732 1384 5786 nd
1395 5731 1568 5787 crassissimas
1579 5732 1658 5788 nabet
1669 5734 1808 5804 perteniat,

162 5844 311 5914 arnobius,
322 5840 493 5901 estatrinrnlia
507 5840 601 5898 lauatio.
617 5837 683 5908 Quae
694 5847 785 5895 autem
798 5851 830 5894 ea
844 5836 889 5904 sit,
904 5826 961 5890 dis·
1011 5832 1058 5887 aed
1073 5833 1148 5903 lonpe
1171 5831 1249 5887 etiarn
1267 5829 1299 5885 ab
1311 5830 1343 5883 iis
1357 5828 1489 5896 contristat,
1510 5844 1569 5901 qrvre
1595 5829 1624 5901 pt
1647 5847 1693 5901 per
1712 5834 1812 5904 frvrrtnnt
