4150 6250
81 291 121 348 sti
235 332 239 343 .
675 273 814 339 uottltn
832 271 1025 340 tttstditich.
1408 277 1411 283 ’
1631 274 1684 332 ost

39 427 40 474 j
80 417 116 456 nr
131 396 198 451 mnu
214 390 294 446 meur
313 389 397 463 probe
416 390 678 461 pnnrttrneeedens
698 402 788 448 aurem
804 393 838 449 ad
853 396 879 455 Α
892 404 981 449 autem
996 392 1080 449 editio
1090 391 1335 472 bregdum-itatem
1349 390 1459 465 reliquis
1469 391 1608 448 enimvero
1618 405 1687 463 prco-

39 547 40 552 ,
80 483 560 558 tommenqmremeoardtoctetiana
585 494 747 556 persecutio,
762 503 796 541 nu
807 486 840 542 tis
892 487 1005 542 snrrtiur
1024 485 1085 557 jure
1109 484 1257 552 habeatur,
1283 484 1353 541 haud
1375 486 1466 557 paucis
1490 496 1578 542 tamen
1604 485 1688 541 naevis

39 621 40 642 ι
81 582 202 641 certioribus
212 578 366 650 scriptionis
378 593 436 633 susc
458 585 564 649 tempus
585 577 661 634 nobis
676 576 835 649 prodiderit.
893 578 1090 652 typothetarum
1105 577 1170 633 nitio
1183 577 1297 643 laborat,
1310 579 1374 648 quin
1388 586 1416 634 et
1439 576 1537 635 alieubi
1552 578 1633 634 rerba
1646 577 1689 633 in·

81 676 155 745 dubus
167 673 271 746 positis,
286 687 360 728 anuo
380 670 488 727 demum
503 685 592 738 ecurt,
614 680 659 726 aut
675 672 744 727 lnrte
765 669 840 726 inse·
893 682 966 746 tegra
980 673 1085 744 penitus
1100 672 1198 728 omissa
1210 674 1237 727 in
1248 686 1279 728 ea
1292 670 1496 743 deprehendam
1512 671 1610 745 quibus
1625 686 1690 745 pro·

39 819 40 826 ,
81 775 160 841 pente
171 765 299 838 integrunt
312 779 391 822 suurn
404 778 474 835 opus
487 763 623 820 hrrrobins
639 763 785 833 perfecisse
798 764 838 817 ri·
892 766 956 823 inde
970 765 1076 823 mendis
1091 765 1204 836 aliisque
1224 763 1313 821 adhue
1331 764 1498 834 gravioribus
1510 773 1614 832 scatet,
1629 777 1690 834 quae

80 861 143 919 dctm.
893 860 966 917 illum
978 858 1116 929 expressit
1131 858 1300 930 parisiensis.

105 952 139 1009 ll.
155 949 221 1008 dunc
240 965 307 1008 roro
330 949 366 1007 de
385 948 474 1022 operis
493 947 642 1007 druobiuni
658 948 745 1022 pretio
768 948 840 1020 torqui
928 951 1046 1008 hectore
1056 953 1146 1024 imque
1154 951 1325 1022 potissimum
1335 950 1459 1026 Nourrpo
1468 967 1496 1007 u.
1507 951 1602 1022 etqui
1615 950 1692 1007 libris

82 1047 145 1119 plicet
159 1061 212 1102 com
227 1044 287 1100 tiro
301 1042 427 1110 erudito,
443 1043 470 1097 in
488 1041 558 1099 hene
571 1041 657 1099 lermc
677 1041 838 1099 sententiam
891 1044 1047 1101 arnobiunis
1059 1043 1243 1101 emaculandis
1262 1044 1482 1117 illustrandisque
1503 1058 1594 1115 operas
1607 1044 1692 1116 pluri·

81 1140 252 1196 essentem
271 1134 430 1194 Recotrditae
452 1134 505 1191 hoc
525 1134 665 1205 sapientire
684 1142 841 1206 promptua-
892 1154 965 1194 mum
981 1136 1097 1194 contulit
1110 1137 1238 1206 (Nonrr,
1251 1138 1354 1208 dppor.
1370 1139 1405 1194 ud
1416 1137 1485 1195 ortt.
1499 1150 1611 1212 parmen,
1628 1148 1701 1195 tom.-

80 1233 129 1287 niun
146 1247 192 1302 quo
212 1230 306 1286 insana
327 1228 447 1302 gentium
472 1227 567 1299 religio
590 1227 754 1300 exploditur,
776 1241 839 1282 nera
892 1244 929 1297 u,
945 1246 1006 1302 paq.
1023 1229 1181 1300 stt-570),
1201 1228 1313 1285 editioni
1334 1241 1432 1287 nostrre
1452 1230 1634 1303 perpetiendos
1652 1231 1695 1287 in·

80 1324 228 1392 ortmann,
243 1321 318 1380 omni
333 1321 412 1378 laude
433 1319 520 1393 majus
534 1330 587 1378 est.
602 1321 668 1389 Quis
688 1321 759 1377 enim
780 1320 838 1376 elo·
896 1322 1049 1389 eubuimus,
1064 1321 1252 1379 setecrtnnous
1264 1323 1433 1380 ernuditorum
1449 1325 1521 1380 notis
1535 1325 1569 1381 ad
1580 1323 1694 1381 henobii

81 1417 166 1487 quentiae
175 1414 422 1481 retinendorum
434 1412 563 1484 prindere,
576 1411 841 1483 exquisitasserrtcn-
893 1424 994 1473 textum
1019 1417 1150 1487 imprimis
1162 1416 1358 1473 emendandum
1384 1419 1566 1490 comparatis,
1591 1427 1696 1476 nostras

80 1511 175 1566 mcum
187 1505 326 1579 persolvit,
342 1520 396 1562 non
406 1504 538 1576 abripitur
551 1505 577 1560 in
590 1519 711 1562 amorem
729 1513 757 1561 et
772 1503 841 1560 desi·
893 1511 1102 1582 qualescumque
1119 1510 1280 1569 intexentes.
1308 1511 1410 1569 Deinde
1422 1528 1476 1585 quo
1487 1512 1606 1568 aucturis
1616 1512 1697 1569 lectio

82 1602 159 1657 ιιήιω
167 1600 228 1656 tenti
237 1597 372 1655 anemrtst
383 1596 488 1670 Ubique
498 1597 645 1671 triumphat
654 1597 842 1654 nocentissima
897 1603 988 1659 utilior
1000 1603 1027 1658 iu
1043 1611 1179 1673 posterum
1194 1602 1375 1675 contingeret,
1388 1604 1522 1675 simulque
1535 1604 1644 1660 taedium
1654 1604 1696 1661 le·

81 1692 212 1763 eirsdictio,
233 1701 314 1763 atque
336 1690 386 1764 ipsi
400 1690 470 1748 adeo
487 1690 604 1763 gentiles
625 1690 845 1763 suojrrgulantur
860 1702 1002 1781 Botorum
1026 1708 1059 1749 uc
1081 1694 1201 1750 laborem
1224 1694 1423 1764 allevarernus,
1438 1696 1602 1753 arnobiuuos
1616 1696 1699 1754 libros

82 1785 156 1856 dadin.
168 1784 289 1840 &lancos
300 1783 346 1840 ibe
357 1783 438 1840 simul
454 1799 550 1840 omnes
564 1793 686 1842 tacentes
699 1783 841 1856 gentilium
897 1787 942 1859 qui
958 1789 1088 1844 haetenus
1100 1788 1244 1858 conjuncto
1256 1789 1467 1860 eorrtinuatoqne
1490 1805 1617 1847 sermone
1631 1806 1696 1863 pro·
1714 1850 1716 1854 ,

81 1880 127 1935 rhos
136 1878 256 1950 perfudit,
270 1877 396 1934 coniecit.
411 1875 511 1944 Verbo,
525 1875 662 1934 Arruntius
675 1875 740 1933 bier
750 1877 843 1933 adver·
898 1882 1017 1950 dierunt,
1033 1897 1106 1939 nunc
1119 1880 1235 1953 primum
1249 1883 1379 1954 incapite
1392 1898 1440 1940 seu
1455 1884 1592 1941 sectiones
1605 1883 1698 1941 distri·

84 1981 209 2044 sugentes,
216 1972 349 2029 abstruse
359 1970 630 2036 eruditionisouctor,
639 1969 848 2037 subtilis,diser·
900 1972 1025 2041 huimns;
1048 1988 1162 2045 quarum
1179 1974 1311 2047 analysim
1328 1985 1457 2045 preterea
1476 1974 1503 2031 iu
1517 1974 1606 2032 indice
1621 1971 1701 2047 operi

81 2075 119 2135 trs,
131 2067 225 2138 mgeniu
237 2076 268 2123 et
287 2065 411 2122 heundta
426 2074 574 2136 prestans,
589 2064 744 2121 ethnicismi
756 2064 849 2122 debel-
901 2066 1007 2137 adjscto
1018 2066 1193 2138 subjecimus.
1203 2098 1239 2109 -
1250 2068 1385 2125 llootenus
1397 2067 1564 2126 Gallandius.
1578 2068 1631 2126 Sed
1642 2074 1699 2140 jam

82 2157 133 2212 btor
144 2158 326 2214 lectissimus»
347 2155 469 2230 (Proper.
491 2156 526 2211 ud
550 2155 660 2226 droul„
681 2156 742 2212 edit.
761 2154 849 2229 bugd.
902 2160 935 2218 de
945 2161 1057 2233 singulis
1066 2160 1228 2219 editiombus
1236 2177 1298 2219 cum
1309 2163 1526 2220 Schoennemann
1550 2159 1700 2219 uideamus·

81 2248 134 2316 lint,
144 2249 228 2319 lost).
243 2249 310 2307 lisso
324 2247 380 2306 ille.
1240 2295 1242 2299 ,

107 2343 313 2414 Quandoquidem
327 2343 537 2401 terohmobius
550 2343 645 2401 inseris
658 2353 764 2417 septem
774 2344 851 2402 libris
1137 2338 1247 2382 ⁸⁸⁰⁰¹¹⁰
1260 2338 1359 2381 ”mm
1373 2337 1470 2381 ΒΜ·

81 2436 254 2495 omnibeudis
268 2437 369 2510 duplex
379 2438 431 2494 sibi
447 2451 561 2509 pensum
575 2437 770 2495 absolvendum
786 2453 850 2510 pro·
1302 2459 1382 2517 qggg

82 2532 187 2599 posuerit,
202 2529 328 2586 rrirrrirum
352 2538 383 2586 ut
401 2541 430 2586 et
453 2528 548 2586 belsam
561 2529 704 2601 gentilium
718 2539 748 2586 et
759 2544 850 2587 seram

80 2624 264 2681 ehpigtiaquum
279 2638 340 2681 esse
359 2622 520 2695 religionem
536 2623 695 2681 evinceret:
710 2622 796 2680 multo
809 2622 853 2678 ln·
941 2614 1035 2672 Rohtae
1048 2614 1117 2686 apud
1131 2614 1226 2672 Fldnc.
1241 2614 1701 2683 Priscianen.Florentinumind'.

82 2717 197 2774 ruleutius
213 2719 325 2774 ethnicae
350 2716 550 2788 superstitionis
571 2716 737 2788 impietatem
766 2720 854 2788 impu·
905 2707 1013 2764 diutili
1027 2705 1241 2777 dispunctorem
1251 2709 1372 2764 adenem
1386 2718 1472 2781 dmm
1483 2708 1542 2764 Μή
1555 2718 1623 2776 ⁰0¹⁰,
1638 2724 1706 2764 ’1666

82 2824 172 2880 passe,
191 2825 268 2883 quam
283 2809 439 2866 christianae
459 2808 520 2866 hbet
541 2809 682 2866 veritatem
703 2807 856 2866 ostendisse
906 2800 1019 2886 orimum
1031 2802 1059 2856 tn
1072 2803 1154 2857 torem
1178 2801 1250 2857 editt.
1264 2832 1299 2848 ν-
1311 2800 1341 2857 ln
1355 2802 1537 2860 ltnezltcnne
1558 2802 1707 2862 insedibus

82 2907 140 2962 rins
149 2915 197 2963 cst.
208 2904 277 2962 ilinc
299 2913 409 2961 unctus
422 2903 603 2975 llieronyurus
615 2918 623 2959 ε
637 2922 647 2955 ι
659 2901 730 2974 Ego,
744 2921 755 2957 r
771 2900 859 2973 inquit
907 2895 1046 2952 Frarrcisei
1061 2895 1268 2962 Priscianensis,
1282 2911 1385 2953 rtnxtrt.

83 2998 194 3072 (dmm,
208 3001 286 3074 epist.
301 3016 367 3070 txrr,
380 3000 416 3055 nb
431 3014 523 3067 trust,
541 2996 577 3054 nd
600 2996 758 3071 Tranquilli,
776 2996 856 3071 52),
944 2988 1074 3059 Princeps
1083 2988 1141 3045 bec
1155 2987 1269 3045 denobii
1279 2987 1363 3045 editio
1374 2987 1489 3046 debetur
1501 2988 1600 3046 Fausto
1611 2988 1707 3047 Snbaeo

86 3096 229 3170 ,pm
242 3106 356 3171 propper
369 3095 549 3154 ,mergonem
561 3095 603 3151 εἰς
615 3092 752 3152 supernum
765 3092 856 3166 regen.
910 3079 1049 3149 Brixiam,
1058 3078 1228 3138 bibliothecas
1238 3079 1367 3137 vaticanae
1376 3089 1440 3138 tunc
1451 3081 1581 3154 temporis
1587 3067 1707 3147 custode,

84 3190 135 3250 pum
153 3202 276 3258 „mm
300 3184 436 3266 quomodo
465 3188 679 3257 murcianum,
703 3188 855 3255 Nonarum,
910 3172 1021 3231 homine
1035 3173 1143 3230 erudito
1158 3183 1187 3230 et
1200 3172 1298 3246 insigni
1311 3172 1443 3247 imprimis
1456 3175 1651 3241 tersillcrrtore,
1663 3174 1709 3246 qui

85 3284 222 3354 mrum,
235 3282 435 3357 ppopqupm„
449 3291 478 3340 pq
491 3280 636 3338 nonnullos
658 3279 860 3338 ecclesiasticos
914 3266 1058 3325 Francisco
1078 3267 1100 3334 l,
1115 3267 1255 3325 Gallorum
1279 3266 1354 3340 regi,
1373 3283 1433 3325 erm
1447 3269 1585 3342 inscripsit
1597 3268 1709 3341 epistola

84 3379 217 3452 mim·
231 3393 338 3454 m
350 3379 451 3450 puppe,
463 3385 492 3435 οι
506 3376 620 3443 pagno„
634 3384 664 3432 up
675 3374 745 3432 pon„
763 3389 858 3431 nomm
915 3359 974 3417 ista
994 3359 1090 3419 Romre
1111 3369 1139 3418 et
1167 3360 1231 3417 bibl.
1244 3360 1392 3433 palatina,
1416 3359 1525 3419 kalend.
1549 3361 1710 3434 septembris

86 3473 204 3544 elimenes,
214 3475 388 3544 vitemusque
397 3468 545 3537 contraria,
557 3468 633 3540 juxto
647 3467 807 3539 Apostolum
819 3467 860 3522 di·
916 3470 1024 3513 nortun.
1040 3453 1079 3510 Ex
1095 3453 1146 3511 bac
1159 3453 1287 3511 nonnulla
1302 3454 1422 3511 delibare
1439 3456 1466 3512 in
1491 3455 1621 3513 lectorum
1636 3471 1711 3514 com-

86 3575 189 3625 mum,
213 3566 310 3623 om
325 3564 449 3637 propag,-
468 3561 537 3634 Μ
557 3560 652 3617 nom,
675 3570 722 3626 m,
746 3567 826 3614 nene
840 3554 863 3630 (1
916 3549 1027 3605 modrrm
1048 3547 1133 3618 jurat.
1156 3546 1340 3604 Intelleximus
1368 3548 1438 3604 enim
1460 3563 1476 3604 a
1498 3547 1589 3604 multis
1602 3546 1710 3619 quidem

89 3659 175 3731 qm,
186 3679 212 3731 ,ἰ
226 3662 287 3736 ῃ),
306 3680 316 3714 ,
332 3660 463 3717 &sperum
479 3671 533 3713 ng„
542 3655 610 3712 ,geg
623 3655 791 3728 incomperta
804 3650 864 3707 pne.
916 3640 950 3698 de
957 3641 1006 3697 bae
1015 3640 1134 3698 editione
1141 3640 1222 3697 verba
1234 3655 1295 3699 esse
1306 3639 1477 3711 laeta,ipsam
1486 3648 1576 3698 autern
1585 3641 1713 3712 paucissi-

86 3764 138 3809 rtot
157 3755 273 3811 hmcbm
295 3750 450 3810 metrumne
472 3747 611 3820 religionis
629 3747 778 3820 mysteria,
800 3742 864 3816 quin
916 3734 968 3790 mis
987 3744 1091 3790 tantum
1106 3732 1285 3805 ll⁸²¹¹b¹l¹¹⁰d
1300 3734 1382 3790 ”llil
1404 3731 1502 3805 bassim
1517 3734 1713 3791 eii⁰lbb⁰⁵³¹b

87 3846 191 3902 reisue
202 3846 315 3903 summis
330 3843 391 3901 teet
405 3840 540 3914 erptnnns
552 3839 714 3911 orspncanm
727 3847 757 3893 m
771 3839 865 3894 suren·
917 3844 976 3887 san
988 3828 1075 3886 ueun.
1091 3828 1270 3899 eraeetpnnn,
1288 3826 1360 3900 quoe
1373 3828 1498 3899 entqnsn
1510 3826 1712 3885 animadversa-

88 3939 273 3997 susnoonnllos
284 3937 448 3994 morosiores
458 3933 582 3991 homines
593 3931 742 3988 luculenter
752 3928 866 3986 demon·
919 3923 993 3981 tione
1006 3922 1117 3993 dignrrrn
1145 3920 1230 3978 videri
1255 3921 1349 3992 possit,
1363 3922 1483 3992 prolecto
1502 3920 1554 3978 hue
1575 3931 1627 3990 est,
1642 3921 1714 3994 quod

88 4040 190 4089 numne
206 4033 256 4089 sipi
274 4029 440 4097 doctissimi,
461 4026 600 4099 Nonrryns
619 4023 748 4095 (nim...
760 4022 860 4093 Appar.
915 4019 977 4091 jure
988 4016 1048 4073 tettt
1070 4032 1144 4072 sunm
1168 4032 1221 4072 erre
1242 4015 1383 4070 Arnobimn
1408 4014 1485 4081 dicit,
1498 4031 1572 4087 prtem
1586 4015 1715 4072 scilicete

89 4124 115 4176 td
124 4122 186 4180 litt.
199 4136 313 4197 perenne
330 4130 392 4179 tom.
407 4138 437 4188 tt,
454 4113 794 4192 conprensionem),
810 4113 866 4169 bla-
919 4112 1003 4167 neura
1029 4107 1145 4165 burburie
1164 4124 1217 4164 non
1238 4108 1294 4163 eine
1305 4108 1438 4177 dispendio
1452 4116 1480 4164 et
1491 4106 1647 4164 discrimine
1662 4106 1715 4162 eri·

89 4230 153 4274 trous
163 4217 174 4293 (
185 4216 305 4283 ilerum,
319 4213 406 4270 Dicin.
422 4212 459 4267 t).
474 4210 512 4268 N.
527 4210 557 4268 J.
574 4209 618 4278 6.,
633 4189 680 4265 66.Ι
692 4223 741 4272 ιιι.
756 4223 814 4278 cop.
838 4204 867 4271 l,
924 4205 1017 4277 puerit.
1030 4203 1096 4272 Quoe
1120 4201 1143 4258 si
1157 4201 1287 4259 attentius
1301 4199 1446 4271 aliquando
1467 4201 1617 4272 perpendas
1637 4210 1665 4258 et
1683 4216 1715 4259 eu

90 4306 133 4377 55,
150 4319 172 4365 er
194 4310 239 4368 lin,
263 4325 304 4378 tr,
319 4324 376 4383 cop.
399 4305 447 4374 22,
462 4303 524 4377 fil,
550 4319 611 4376 pag.
626 4299 695 4366 526,
709 4299 762 4357 53¹·
772 4296 800 4370 ),
814 4296 867 4371 ,atii
922 4296 1003 4354 simul
1026 4296 1155 4352 memoria
1168 4303 1355 4367 repertosque
1368 4293 1402 4349 de
1416 4293 1471 4349 vita
1484 4293 1618 4367 rebusque
1630 4297 1732 4353 nostri,

90 4418 142 4472 goos
154 4404 269 4477 proinde
284 4402 427 4460 consulere
440 4396 656 4471 operaepretium
670 4394 759 4451 luerit.
923 4387 1020 4445 hadita
1042 4387 1165 4459 legimus,
1179 4385 1206 4441 id
1218 4385 1334 4443 innuere
1346 4385 1415 4443 uelle
1427 4385 1542 4455 ridetur,
1560 4401 1590 4443 se
1604 4385 1717 4443 Arnobii

118 4496 145 4553 l.
163 4499 215 4556 Sed
235 4509 265 4555 nt
278 4498 313 4554 de
326 4505 437 4553 auctore
456 4493 564 4549 demum
585 4488 697 4560 ejusque
709 4480 792 4559 opere
805 4500 867 4542 ser·
881 4482 909 4544 D
922 4481 1156 4553 aliquemeumque
1180 4478 1300 4547 unicum,
1320 4490 1351 4535 nt
1372 4487 1465 4551 postea
1492 4480 1625 4554 apperuit,
1640 4480 1716 4538 codi-

92 4606 179 4649 ncnem
191 4593 409 4661 concludamus,
423 4604 456 4647 cx
472 4604 525 4644 uno
538 4585 683 4658 superstite
706 4599 758 4639 ms.
777 4582 871 4639 codiee
924 4575 1024 4633 oemio
1040 4574 1122 4632 terris
1135 4573 1256 4643 remotis,
1271 4573 1341 4631 torte
1362 4572 1388 4629 in
1403 4573 1565 4644 germanicis
1576 4574 1618 4632 rel
1631 4573 1718 4647 belgi·

93 4683 245 4745 hiuhma
259 4687 403 4751 pedenna,
417 4683 580 4756 octingentis
592 4688 619 4738 et
632 4678 750 4751 amplius
773 4674 872 4733 abhinc
924 4669 964 4725 eis
975 4668 1031 4725 oris
1042 4666 1254 4740 deprehendisse
1266 4681 1298 4723 ac
1311 4665 1495 4722 inuatieanam
1508 4666 1572 4723 bibl.
1584 4667 1718 4724 intulisse.

93 4781 155 4838 anns
166 4760 288 4857 eleganti
302 4782 462 4837 percernere
475 4785 607 4840 emerim
622 4774 668 4845 qni
682 4781 775 4844 postea
786 4769 814 4825 in
829 4784 873 4824 re·
926 4759 994 4817 Nero
1008 4759 1079 4832 quod
1097 4760 1130 4817 ad
1144 4760 1256 4831 primam
1272 4758 1352 4830 hujus
1361 4758 1524 4830 conjecturas
1537 4769 1640 4830 partem
1658 4762 1720 4817 atti·

94 4874 151 4941 gen
161 4874 355 4932 &benennam
369 4870 548 4944 nerisiensem
561 4867 683 4933 transiit,
696 4864 770 4921 curis
783 4861 874 4918 Fausti
926 4863 982 4921 net,
997 4852 1096 4923 saepius
1111 4851 1137 4907 in
1154 4850 1296 4907 versiculis
1308 4851 1364 4906 suis
1377 4851 1485 4921 poprdor
1498 4862 1580 4906 truces
1592 4862 1616 4907 et
1640 4853 1719 4924 seros,

93 4963 165 5025 babai
176 4968 280 5039 prodiit
292 4967 383 5040 operis
392 4963 541 5021 hrrrobiani
553 4963 679 5033 princeps
693 4973 805 5016 romana
818 4956 877 5014 edi·
926 4949 1085 5019 nredinrnque
1096 4946 1349 5017 borboriemerepat,
1359 4943 1430 5000 unde
1438 4959 1543 5000 summo
1554 4959 1615 5002 cum
1627 4945 1722 5002 discri-

96 5056 125 5112 rin
135 5075 201 5117 „nn
215 5060 302 5118 43⁴2.
316 5059 392 5117 flans
404 5072 470 5114 seen
483 5054 613 5113 insecutre
626 5049 876 5122 suntcomplores,
929 5042 1003 5098 mine
1014 5038 1141 5096 etlabore
1150 5049 1178 5094 et
1185 5036 1242 5093 suis
1249 5035 1317 5093 adeo
1324 5035 1474 5106 sumptibus
1480 5036 1587 5094 codices
1596 5037 1723 5109 antiquos

95 5152 197 5211 cirinen
211 5153 398 5222 eruditorum,
413 5142 876 5218 Canteri,Ursini,Elmenburstii,
930 5133 1092 5208 protulerit,
1116 5145 1229 5205 quorum
1254 5128 1480 5201 exquirendomm
1501 5143 1582 5187 causo
1603 5130 1723 5189 absone

93 5244 244 5316 susas,
278 5244 389 5303 lleraldi
422 5243 594 5313 aliorumque
622 5237 713 5296 studio
744 5236 878 5307 expolite.
930 5245 998 5302 papa
1011 5238 1040 5286 et
1058 5227 1117 5299 eius
1141 5226 1270 5299 deinceps
1293 5225 1494 5284 successoribus
1519 5228 1617 5286 missus
1641 5237 1722 5287 esset.

95 5336 207 5398 bnniunrn
224 5338 452 5399 emendatissima
474 5334 653 5401 existimatur,
678 5346 739 5404 quse
760 5327 880 5402 Lugduni
932 5323 1063 5382 Eundem
1074 5320 1199 5380 autemid
1212 5321 1362 5378 vaticanam
1374 5322 1408 5378 ab
1423 5338 1456 5380 eo
1471 5323 1554 5382 luisse
1566 5323 1723 5396 repositum,

39 5444 40 5495 ι
98 5431 264 5505 heroem,
281 5428 675 5500 neminemneminer
693 5425 743 5482 tiri
762 5422 883 5481 celeber·
934 5413 1181 5486 tumoilicii,quod
1197 5414 1247 5485 ipsi
1269 5413 1455 5483 incumbebat,
1472 5416 1723 5487 rationessuadent,

39 5520 40 5581 ζ
97 5530 146 5585 nni
156 5533 288 5603 erolgsta
300 5536 352 5594 est,
366 5525 479 5598 adjectis
490 5532 619 5596 preterea
635 5518 749 5591 integris
761 5515 880 5573 omniurn
935 5516 991 5563 tum
1004 5523 1069 5563 tero
1082 5507 1218 5580 expressis
1231 5505 1316 5562 Frrloii
1331 5506 1432 5575 Ursini,
1444 5508 1529 5579 ipsius
1542 5523 1649 5581 quoque
1672 5512 1725 5567 dr·

98 5621 295 5681 mmmentnriis
306 5639 313 5677 :
324 5621 357 5676 ad
371 5635 450 5691 quam
464 5614 636 5689 postmodum
648 5618 742 5670 exacta
754 5607 803 5667 luit
815 5607 885 5680 pari·
935 5598 1008 5656 nobii
1034 5598 1164 5666 editoris,
1186 5599 1285 5663 verbis.
1299 5598 1412 5671 epistola
1427 5610 1489 5657 ante
1510 5614 1649 5660 romanam
1661 5604 1726 5662 alte·

39 5748 40 5763 ι
96 5715 182 5773 nnsis
195 5714 264 5773 anni
289 5712 367 5771 6666.
387 5709 485 5769 Priorii
500 5717 528 5766 et
549 5706 659 5765 selectis
678 5703 791 5760 aliorum
814 5700 886 5758 notis
936 5709 994 5751 unm
1008 5692 1043 5749 ad
1065 5690 1224 5765 Gregoriuru
1239 5689 1300 5748 xlll
1326 5690 1495 5748 dedicatione
1510 5692 1648 5766 inspersis,
1663 5710 1729 5752 eon·

98 5810 227 5879 neman,
253 5809 434 5882 operiensque
455 5803 582 5878 cypriani
603 5800 734 5873 subjecta.
756 5795 887 5868 Quamvis
938 5787 1176 5860 lirmatur,quibus
1191 5785 1339 5843 denobiunr
1354 5783 1469 5856 primum
1491 5788 1728 5852 enaricrnrbtbt.
