4150 6250
314 401 367 459 llll
919 385 1147 449 utssuuutmu
1164 386 1305 445 tumtun
1906 385 1960 446 stt

313 505 1107 587 ipsocstclariuspotentioremillumiuisseqonmiatasnnt,
1123 506 1147 565 Α
1162 503 1203 558 nis
1218 511 1292 559 esset
1302 501 1417 558 aliorum
1431 501 1487 558 otio
1504 509 1531 559 et
1542 500 1670 573 patientia
1684 501 1895 571 intemperanter
1908 503 1959 559 ab·

313 622 373 663 cum
383 605 536 663 easnlritet
547 603 612 661 vicit
625 601 827 674 quaepcrpctuis
839 599 962 668 nexibus,
974 607 1000 655 et
1010 598 1108 654 immo·
1160 597 1271 651 tutantis.
1288 595 1354 652 Natu
1370 611 1402 652 eu
1417 612 1451 653 ex
1471 595 1550 652 dictis
1565 596 1630 652 satis
1650 595 1805 682 confutata,
1821 604 1903 669 atque
1924 597 1958 654 iis

312 699 361 756 bili
374 697 479 756 interant
492 698 653 756 necessitate
666 694 790 752 devincta
804 692 926 768 (brool,
942 692 987 748 lib.
1002 707 1031 758 tt,
1045 707 1107 762 pop.
1159 705 1220 761 qnae
1233 689 1260 744 in
1273 688 1501 761 subseqnentibus
1511 688 1744 746 dissertationibus
1754 688 1852 744 nostris
1862 687 1897 744 de
1908 687 1957 743 iis·

293 789 369 862 ⁸28).
385 791 488 860 Quibus
507 805 572 847 sane
586 788 676 847 uerbis
689 785 822 860 signiiicat
837 787 886 843 itos
904 801 990 842 nestas
1004 784 1108 841 tamdiu
1160 779 1219 838 dem
1234 780 1335 837 Christi
1349 791 1376 838 et
1396 781 1589 853 discipulorum
1604 782 1663 853 eius
1681 779 1818 838 miraculis
1841 778 1956 840 dicenda

312 887 394 945 inisse
418 896 580 960 perpetuos,
607 895 689 956 atque
710 898 769 939 cam
790 881 981 940 necessitatem
1006 878 1107 936 tamdiu
1160 875 1564 943 sunt,adbncconlutabnntur.

258 953 267 972 ’
311 980 394 1038 luisse
407 980 583 1047 immobilem,
601 977 727 1052 quamdiu
742 976 813 1036 bens
825 985 851 1032 et
864 975 988 1033 curatus
1002 974 1106 1042 rolrtlt,
1472 1015 1587 1074 CAPUT
1605 1016 1650 1075 w·

311 1074 416 1149 ipsique
429 1076 539 1146 placuit.

346 1167 451 1227 &imaus
460 1168 568 1238 quidem
581 1184 596 1225 a
608 1166 768 1239 quibusdam
777 1182 810 1223 ex
820 1166 981 1224 iisomninm
996 1164 1109 1237 iniquis·
1160 1147 1349 1208 Emmfuuulul
1358 1153 1411 1209 ullu
1420 1152 1792 1227 druulllu'lumssululllll‘
1805 1155 1957 1213 liutifuuu

311 1262 388 1320 simis
398 1262 480 1319 stulte
487 1264 599 1318 omnino
610 1272 638 1318 et
650 1261 751 1318 insulse
764 1263 848 1317 asseri
860 1260 907 1316 liei
921 1259 1029 1317 nornine
1040 1258 1107 1315 nibil

311 1354 514 1427 intelligendum
528 1353 612 1424 aliud,
624 1364 723 1426 praeter
735 1353 887 1421 materiam,
901 1361 1038 1425 statasque
1051 1367 1109 1408 mo·

310 1457 354 1505 tus
368 1449 438 1506 iliius
459 1450 546 1521 leges,
562 1465 650 1522 quasa
667 1449 773 1506 nerninc
785 1464 897 1521 prorsus
916 1448 1014 1504 mutari
1028 1462 1109 1520 posse

311 1543 457 1600 littxeruut.
472 1542 525 1599 Sed
538 1542 564 1597 lri
580 1541 659 1598 nobis
669 1542 821 1598 edisserere
831 1540 1109 1613 debebantquomodo

310 1635 352 1691 vel
366 1650 382 1691 a
397 1650 451 1707 quo
471 1644 578 1690 statutae
600 1642 663 1690 sunt
680 1634 734 1689 illae
749 1634 831 1706 leges.
851 1632 945 1705 Neque
959 1634 1032 1690 euim
1055 1633 1109 1689 atila

311 1729 467 1806 rationeuel
478 1745 494 1784 a
504 1744 534 1785 sc
548 1729 623 1802 ipsis,
639 1728 681 1785 uel
693 1728 809 1784 fortuitis
820 1727 941 1784 materiae
950 1728 1108 1783 mutationi·

310 1823 371 1887 bus,
384 1823 425 1879 uel
439 1823 601 1879 necessitate
615 1821 703 1894 aliqua
718 1822 786 1877 latas
801 1820 871 1875 ullus
887 1835 1015 1893 umquam
1028 1819 1108 1876 diae·

1330 1244 1461 1319 rclipionir
1474 1247 1605 1301 ceritatem
1618 1248 1784 1305 deutonstrnt.

1418 1397 1564 1440 mttcutus
1582 1397 1691 1440 nullut.

1160 1516 1285 1577 Quomodo
1296 1521 1388 1569 uerius
1398 1519 1538 1570 christianae
1549 1517 1680 1582 religionis
1690 1519 1722 1569 ab
1734 1520 1843 1573 ,trnobto
1854 1524 1956 1573 demon·

1190 1587 1285 1631 stretnr
1295 1581 1432 1638 dirissimis,
1446 1590 1472 1633 et
1484 1583 1603 1633 taeteaus
1611 1583 1727 1633 inauditis
1740 1596 1805 1645 pene
1817 1588 1958 1634 innumera·

1190 1643 1277 1692 bilitun
1289 1643 1418 1705 cuiuslibet
1430 1658 1515 1702 sexus.
1527 1647 1615 1707 etatis,
1630 1653 1656 1696 et
1667 1646 1815 1697 conditionis
1826 1654 1957 1710 martyrum

1190 1705 1326 1817 suppliciis.
1339 1706 1368 1756 ad
1381 1716 1518 1779 extremum
1528 1721 1607 1771 usque
1620 1710 1676 1781 rite
1687 1711 1800 1773 spirltum
1810 1723 1855 1775 pro
1867 1708 1959 1760 Cbristi

1190 1781 1236 1818 con
1247 1771 1346 1820 essiooe
1359 1772 1557 1821 coustanttssime
1570 1770 1691 1822 toleratas.

310 1918 356 1972 rit.
372 1917 444 1988 Ergo
454 1916 550 1973 abalio
560 1916 713 1972 constituta
723 1917 838 1972 sunt-tlt
850 1915 964 1985 iileipse
976 1913 1102 1976 estbeus.
1121 1917 1144 1976 B
1194 1912 1273 1969 atino
1287 1914 1320 1970 ad
1335 1914 1511 1971 asserendam
1523 1914 1678 1972 christianas
1699 1916 1839 1988 religionis
1855 1919 1958 1976 uerita·

309 2011 354 2083 qni
367 2011 425 2066 illas
436 2026 486 2082 pro
498 2009 804 2077 arbitrioutidisimus,
815 2009 956 2065 immutare
967 2009 1107 2081 potestEt

309 2118 375 2159 uero
397 2117 444 2159 eas
458 2102 493 2158 ab
510 2118 544 2159 co
563 2103 718 2159 immutatas
741 2101 825 2159 luisse
845 2101 1021 2158 invictissime
1042 2117 1106 2170 pro-

308 2197 373 2254 bant
385 2205 425 2254 tot
439 2207 567 2272 tantaque
576 2198 692 2263 Christi.
704 2211 786 2270 atque
797 2199 869 2255 illins
880 2207 1043 2255 sectatorum
1058 2199 1108 2254 mi·

307 2289 494 2361 naeniaque,
511 2292 548 2347 nti
559 2289 685 2360 uidimus,
697 2292 837 2364 gentilium
852 2291 1008 2366 nequidem
1022 2293 1105 2366 perti·

309 2386 450 2442 trucissimi
463 2401 563 2459 negare
577 2394 732 2458 potuerunt.

343 2478 398 2537 Sed
414 2480 580 2538 recentiores
594 2479 730 2552 bereum,
747 2484 856 2540 nomine
867 2491 945 2540 tenus
955 2483 1106 2549 christiani,

306 2586 339 2630 ac
353 2572 517 2644 quibuslibet
529 2573 646 2631 etboicis
656 2575 825 2640 audaciores,
841 2575 941 2633 instant
951 2575 1040 2633 adbuc
1049 2578 1108 2633 nnl-

305 2683 398 2742 garem
412 2667 480 2725 ltarrc
493 2668 527 2725 de
545 2668 643 2725 cbristi
659 2669 795 2726 miraculis
813 2669 967 2742 opinionem
983 2670 1046 2726 inde
1059 2683 1106 2727 or·

306 2770 373 2830 man,
389 2761 460 2834 quud
473 2762 564 2833 populi
586 2777 674 2835 neque
693 2777 787 2818 ornnes
803 2762 911 2819 illorum
926 2763 1106 2820 circumstan-

305 2855 374 2923 tias,
391 2871 478 2927 neque
499 2869 590 2912 teram
607 2870 702 2913 eorum
718 2870 827 2911 causam
850 2867 1051 2927 agttnsceutes,
1075 2872 1106 2912 ea

304 2960 386 3019 supra
408 2958 509 3004 nntttrae
530 2948 653 3005 ordinem
673 2948 742 3005 iacta
759 2964 821 3005 esse
841 2949 1025 3006 crediderunt.
1049 2949 1103 3008 Sed

306 3056 403 3112 magna
416 3042 475 3098 baec
488 3051 570 3114 atque
581 3042 815 3115 impudentissima
826 3044 1009 3116 improborum
1021 3044 1110 3101 homi·

306 3150 371 3192 num
391 3137 531 3192 mendacia
544 3147 618 3193 sunt.
635 3136 702 3194 Nara
727 3137 835 3194 illorum
849 3139 987 3204 omniunt,
1002 3155 1063 3211 quac
1078 3140 1106 3195 in

305 3229 451 3299 Scripturis
465 3232 564 3297 sacris,
581 3240 609 3287 et
630 3232 664 3287 ab
685 3231 805 3287 Arnobio
827 3241 922 3288 nostro
941 3231 1106 3302 reieruntnr,

1159 2014 1212 2062 um
1231 2018 1417 2080 argntrreutnm
1439 2008 1513 2064 ducit
1526 2008 1663 2065 arnobius
1675 2024 1709 2065 es
1722 2010 1880 2082 suppliciis,
1896 2027 1958 2084 quac

1158 2113 1207 2170 pro
1219 2098 1290 2155 iliius
1299 2099 1457 2156 defensione
1469 2099 1603 2157 innumeri
1615 2110 1747 2175 martyres
1756 2101 1878 2173 cujttsris
1890 2119 1958 2160 con·

1158 2191 1956 2269 ditiontis,:etatis,etsoxnsadextremumusquespiritum,

1158 2295 1186 2343 ct
1207 2296 1319 2344 mortem
1346 2286 1563 2344 crudelissimam
1590 2290 1811 2348 constantissime
1835 2295 1958 2365 perpessi

1159 2389 1231 2436 sunt.
1245 2382 1309 2449 Quae
1323 2397 1399 2449 nero,
1409 2394 1573 2454 quantaque.
1589 2392 1619 2440 et
1633 2399 1712 2455 quant
1726 2382 1863 2441 borreuda
1876 2395 1958 2460 atque

1159 2473 1286 2530 immania
1307 2473 1406 2531 inerint
1429 2475 1486 2532 ttae
1507 2477 1656 2551 supplicia,
1670 2477 1705 2534 ab
1721 2479 1841 2536 ilrnrtbio
1863 2491 1958 2539 nostro

1159 2566 1248 2624 discas
1268 2568 1359 2626 velim.
1385 2569 1431 2626 Sic
1449 2578 1540 2626 autent
1563 2570 1610 2627 illc
1627 2572 1756 2629 Etltnicos
1781 2574 1868 2645 palam
1890 2575 1961 2632 allo·

1159 2659 1277 2731 quenda,
1290 2676 1321 2716 ea
1337 2661 1463 2732 exponit,
1479 2671 1510 2717 ut
1531 2678 1612 2719 nemo
1626 2663 1711 2734 possit
1727 2663 1808 2721 iidem
1827 2666 1852 2723 ei
1874 2667 1958 2724 dero·

1159 2768 1242 2825 gare:
1256 2772 1265 2805 ι
1283 2752 1339 2810 ilos
1351 2755 1418 2825 ipsi,
1439 2776 1450 2810 r
1466 2756 1548 2829 inquit
1564 2759 1686 2833 (Arnum,
1703 2759 1747 2815 tit.
1763 2777 1782 2826 r,
1798 2778 1857 2835 pag.
1874 2763 1919 2832 ll,
1933 2773 1960 2820 ct

1160 2847 1205 2901 ιιι.
1219 2863 1256 2915 ιι,
1271 2864 1333 2920 pap.
1350 2848 1423 2921 teu),
1443 2868 1452 2901 t
1470 2865 1531 2906 cnm
1544 2851 1627 2907 libido
1637 2853 1776 2910 incesserit
1786 2869 1867 2923 saeua,
1879 2858 1959 2914 exui·

1160 2940 1194 2994 tis
1210 2954 1258 2995 uos
1272 2940 1360 3009 bouis,
1376 2943 1564 3000 exterminatis
1582 2945 1677 3016 patriis
1692 2945 1817 3015 sedibus,
1833 2947 1959 3020 irrogatis

1159 3032 1288 3103 supplicia
1300 3033 1434 3104 capitalia,
1450 3038 1593 3109 torquetis,
1608 3037 1770 3108 dilaceratis,
1787 3042 1911 3112 esuritis,
1925 3055 1954 3102 et

1159 3125 1192 3182 ad
1206 3136 1356 3185 extremum
1368 3145 1418 3187 uos
1430 3130 1493 3188 ieris
1505 3141 1532 3188 ct
1548 3133 1698 3191 bcllnarunt
1714 3135 1859 3195 laniatibus
1876 3141 1958 3212 obje-

1159 3222 1249 3277 ctatis.
1268 3223 1411 3280 »Videsne
1429 3227 1537 3296 quantis
1557 3228 1738 3293 cruciatibus,
1754 3231 1885 3289 bonorum
1909 3250 1959 3291 cx-

306 3325 496 3382 miracuiornm
510 3326 623 3397 singular
635 3327 856 3394 circumstantia,
873 3328 1019 3396 nimirum,
1034 3344 1105 3400 qoae,
1120 3325 1142 3386 C
1158 3314 1328 3384 ⁸i⁰¹lulluu00
1342 3318 1450 3383 exsilius
1466 3319 1642 3377 disliuullule
1664 3322 1867 3388 mumulufflffl·
1884 3325 1958 3397 liuu.

306 3433 399 3489 aquo,
415 3418 533 3490 quando,
549 3417 605 3486 ubi,
615 3428 644 3476 et
657 3418 793 3490 quomodo
808 3419 877 3476 lacta
888 3420 954 3480 sint.
965 3420 1034 3476 adeo
1045 3436 1106 3493 gra·

307 3510 386 3581 pttice
405 3517 433 3565 et
453 3510 594 3568 enucleate
607 3521 789 3581 exponuntur,
809 3522 837 3566 nt
853 3511 918 3567 nibil
934 3513 1035 3569 clarius
1050 3515 1108 3569 eri·

307 3603 469 3672 dentinsque
480 3604 628 3661 desiderari
644 3606 739 3677 possit.
754 3607 842 3677 Atque
857 3615 885 3661 nt
897 3607 1010 3676 plurima
1024 3608 1107 3665 missa

308 3697 449 3765 iaciamus,
462 3713 653 3768 quorumnam,
667 3712 716 3753 orn
732 3705 767 3764 te,
784 3697 917 3755 laetorum
929 3703 1108 3757 circumstan-

308 3789 353 3845 tiae
368 3790 472 3862 plautius
492 3805 524 3846 ac
542 3789 685 3846 dilucidius
699 3790 899 3858 describuntur,
914 3807 993 3864 qnam
1014 3808 1109 3850 eornm

308 3881 517 3949 miraculorum,
539 3882 637 3953 quibus
656 3882 778 3939 Christus
796 3882 926 3939 Lazarum
948 3883 1069 3957 aliosque
1093 3901 1108 3942 a

309 3983 397 4029 morte
409 3973 443 4029 ad
457 3975 540 4029 ultam
557 3990 710 4039 revocasse,
726 3990 758 4031 ac
770 3975 867 4047 quibus
882 3984 1005 4048 negatam
1025 3992 1041 4032 a
1059 3992 1109 4032 na·

309 4074 369 4121 tura
395 4063 503 4120 uidettdi
526 4075 687 4137 potestatem
709 4064 808 4122 iecisse
829 4068 974 4123 narratur?
988 4071 1029 4124 td
1050 4068 1110 4127 baec

309 4173 390 4224 uero,
409 4174 500 4215 notrae
515 4159 621 4215 Etitnici
639 4174 673 4215 ac
688 4158 794 4226 lutlaei,
809 4159 939 4229 capitales
952 4157 1054 4216 Christi
1079 4176 1110 4217 ac

310 4248 428 4306 lundatac
442 4251 476 4305 ab
491 4266 524 4306 eo
534 4251 671 4323 religionis
686 4251 786 4307 inimici
802 4252 928 4321 unanima,
946 4267 998 4324 qna
1013 4262 1109 4324 potne-

310 4351 383 4409 runt,
396 4341 532 4414 diligentia
546 4342 715 4414 prescrutati
735 4352 808 4410 sunt,
823 4358 857 4398 ao
877 4344 930 4400 ulla
944 4344 986 4399 uel
999 4344 1109 4401 minima

311 4436 337 4491 in
352 4434 453 4491 Citristi
464 4436 710 4509 discipulorumque
721 4436 781 4508 ejus
792 4438 929 4495 miraculis
941 4438 1049 4495 deesset
1058 4440 1110 4495 cir·

311 4528 484 4594 cnmstaptia,
498 4543 549 4598 qna
561 4527 672 4591 bandis.
683 4537 730 4585 ant
743 4528 801 4585 lalsi
815 4529 917 4602 aliquid
927 4530 953 4585 in
968 4532 1007 4588 eis
1017 4531 1111 4587 redar-

1160 3406 1293 3476 ilammiS,
1318 3409 1434 3465 letarum
1458 3426 1490 3467 ae
1512 3411 1661 3470 belluarum
1685 3414 1828 3474 laniatibus
1854 3417 1957 3477 etlmici

1159 3496 1321 3556 christianos
1342 3502 1374 3557 ad
1398 3503 1554 3572 ejurandom
1577 3520 1652 3562 suam
1676 3508 1833 3580 religionem
1857 3526 1957 3583 cogere

1160 3594 1340 3667 nequidquam
1354 3598 1502 3655 tentabant.
1517 3599 1699 3669 Quamobrem
1716 3602 1762 3659 ille
1772 3605 1827 3661 aiio
1839 3605 1866 3662 in
1885 3606 1956 3663 libro

1160 3685 1205 3742 ubi
1218 3687 1385 3745 ethnicorum
1399 3705 1475 3747 sacra
1491 3693 1620 3765 exagitat,
1641 3695 1668 3751 in
1683 3710 1731 3752 eos
1746 3697 1786 3752 sic
1800 3696 1958 3756 invehitur:

1163 3800 1173 3834 ι
1190 3783 1229 3836 nd
1245 3782 1362 3840 lrasccine
1376 3800 1452 3841 sacra
1474 3784 1601 3854 flammis,
1616 3789 1714 3856 exiliis,
1727 3789 1865 3856 coedibus,
1879 3803 1961 3864 atque

1160 3874 1263 3948 reliquo
1275 3893 1375 3947 genere
1394 3880 1586 3952 suppliciorum
1601 3884 1774 3951 cnrnpellitis,
1792 3896 1819 3941 et
1837 3887 1960 3943 crudeli·

1159 3970 1223 4025 tatis
1238 3982 1309 4027 metu
1326 3971 1444 4044 (Arnai,
1461 3976 1505 4029 lib.
1517 3991 1546 4042 v,
1562 3992 1623 4049 paq.
1634 3976 1717 4049 iiiii
1730 3998 1741 4032 ι
1752 3979 1882 4052 intelligis
1892 3995 1960 4039 sanc

1161 4059 1203 4117 his
1224 4063 1335 4129 uerbis,
1359 4065 1457 4139 reliquo
1481 4084 1573 4138 genoe
1604 4070 1809 4141 suppliciorum,
1831 4072 1961 4143 quaelibet

1159 4153 1242 4211 etiam
1257 4156 1434 4224 atrocissima,
1449 4175 1509 4229 qna
1523 4159 1686 4218 incredibilis
1699 4162 1889 4231 ethnicorum,
1901 4181 1954 4222 seu

1161 4251 1251 4320 potins
1265 4250 1431 4319 daemonnm,
1445 4252 1540 4309 feritas
1550 4263 1578 4309 et
1591 4254 1681 4311 rabies
1695 4257 1848 4327 excogitare
1862 4259 1959 4329 potuit,

1161 4344 1354 4415 suppliciorum
1378 4363 1477 4417 genera
1499 4349 1704 4420 comprehendi.
1721 4351 1774 4409 Sed
1788 4352 1853 4423 quid
1876 4355 1962 4410 inter-

1161 4438 1313 4506 pretatione
1328 4455 1397 4508 opus
1409 4450 1462 4505 est,
1475 4440 1518 4496 ubi
1533 4439 1592 4498 lraec
1605 4457 1698 4513 aperte
1712 4443 1747 4499 ab
1762 4444 1808 4500 illo
1822 4445 1962 4516 explican-

1162 4538 1229 4589 tur;
1249 4530 1388 4598 «Strtdiis,
1410 4534 1532 4605 »iuquit
1552 4553 1562 4588 t
1582 4535 1671 4593 lacere
1688 4536 1752 4608 quid
1774 4539 1961 4609 pervicacibus

311 4635 395 4691 gucre
409 4620 539 4690 possent?
553 4621 589 4676 lit
601 4623 724 4693 quamvis
744 4621 813 4679 nulli
830 4639 922 4695 operm
936 4635 962 4681 ct
976 4623 1062 4681 labori
1076 4625 1109 4681 ad
1162 4624 1326 4694 possumus?
1337 4624 1407 4697 Quid
1423 4626 1620 4685 intentantibus
1633 4629 1750 4700 gladios,
1764 4645 1901 4702 trusosque
1912 4648 1960 4688 ex·

311 4712 338 4770 id
352 4706 569 4785 ittnestigandnnt
582 4716 763 4786 pepercerint,
774 4717 841 4772 niltii
853 4727 942 4774 tamen
954 4720 1025 4789 quod
1040 4720 1110 4775 reris
1122 4725 1151 4787 1)
1162 4716 1340 4787 cogitantibus
1354 4719 1464 4789 poettos?
1479 4739 1488 4772 ι
1506 4718 1621 4792 (luem,
1635 4720 1681 4777 lib.
1693 4736 1732 4787 rt,
1745 4736 1805 4792 pop.
1821 4720 1896 4791 lbi.)
1907 4722 1962 4781 llas

312 4804 449 4863 miraculis
464 4807 506 4863 uel
526 4809 666 4865 minimum
684 4808 807 4876 deesset,
830 4811 1035 4882 deprehendere
1050 4829 1125 4877 nm-,
1163 4812 1235 4869 haurd
1246 4812 1326 4869 dubie
1338 4830 1443 4886 poettas,
1454 4830 1521 4886 quas
1533 4816 1621 4871 nuilus
1632 4815 1804 4887 quantumuis
1817 4815 1959 4886 barbarus,

311 4914 391 4974 quant
411 4900 562 4955 ualttornnt.
579 4900 635 4957 Nec
649 4902 738 4959 mittas
757 4903 966 4960 oltristianorum
983 4905 1113 4963 intererat
1162 4923 1195 4963 ac
1209 4908 1293 4977 ierus,
1307 4910 1449 4982 omnisque
1466 4910 1641 4967 ltuntatntatis
1657 4926 1756 4982 expers
1770 4909 1853 4968 homo
1867 4911 1962 4973 bacte-

312 4990 440 5063 iodagare
451 5008 548 5049 omnes
562 5001 589 5049 et
602 4993 721 5066 singulas
734 4994 829 5050 horum
852 4996 1042 5053 miraculorum
1057 4999 1112 5054 cir·
1163 5016 1214 5059 nus
1226 5004 1379 5074 excogitare
1392 5015 1420 5059 et
1435 5004 1537 5075 ltttgero
1552 5015 1687 5075 potuerat.

311 5086 499 5152 cumstantias,
514 5085 612 5157 quibus
632 5087 665 5142 ad
680 5087 853 5159 rejiciendam
869 5100 974 5162 patrum
988 5107 1110 5159 sonarum,
1210 5086 1301 5169 Neque
1327 5114 1388 5153 raro
1418 5099 1544 5168 quidem,
1569 5097 1617 5154 sed
1643 5100 1794 5171 snpissintc
1816 5099 1962 5159 dirissimis

311 5188 339 5235 et
352 5180 537 5250 promendam,
550 5183 588 5237 uti
601 5181 727 5251 diximus,
743 5185 821 5257 longe
835 5185 972 5244 duriorem
986 5189 1112 5244 christia·
1163 5192 1328 5264 ejuscemodi
1346 5193 1511 5250 cruciatibus
1535 5205 1665 5258 vexatos,
1691 5204 1854 5266 necatosque
1878 5194 1962 5253 inisse

313 5287 407 5327 norum
419 5272 575 5343 religionem
587 5274 694 5331 adducti
706 5287 779 5333 sunt.
791 5279 848 5347 Qua
862 5296 926 5352 ergo
937 5280 1026 5338 trunto
1037 5283 1113 5354 impii
1164 5287 1327 5345 oltristianos
1340 5287 1383 5343 iris
1405 5297 1500 5343 auctor
1523 5299 1615 5344 noster
1640 5289 1710 5344 ltaud
1729 5289 1852 5345 obscuris
1871 5290 1963 5346 uerbis

314 5363 435 5421 ltomincs
450 5373 510 5435 post
522 5374 562 5421 tot
575 5367 672 5422 sacrata
686 5368 786 5426 audent
799 5372 919 5442 obiicere
933 5389 986 5430 non
1001 5389 1112 5446 penspe-
1163 5381 1319 5451 significat:
1339 5399 1349 5433 t
1367 5381 1395 5435 Si
1411 5379 1524 5436 totidem
1539 5396 1589 5436 uns
1605 5381 1703 5448 modis,
1718 5382 1882 5454 totidemque
1896 5396 1961 5439 sen·

313 5470 371 5516 etas
392 5462 425 5518 ab
447 5463 623 5533 iis,quornm
647 5463 712 5520 niltii
730 5483 855 5539 umquam
877 5472 962 5543 arogis
984 5473 1114 5531 interesse
1164 5473 1265 5540 tentiis,
1282 5493 1292 5527 t
1309 5483 1389 5546 atque
1404 5475 1513 5544 ipsimet
1526 5475 1644 5542 Etbnici,
1660 5475 1796 5532 edentum
1810 5486 1962 5534 nestrorum

313 5564 428 5627 poterat.
446 5557 551 5614 illorum
572 5559 764 5617 miraculorum
785 5563 1018 5636 circumstantias,
1033 5579 1114 5644 atque
1165 5564 1358 5621 subrueremus
1377 5565 1474 5635 lidum
1489 5566 1556 5621 uuili
1574 5575 1646 5631 ⁰⁸5⁰!
1664 5566 1774 5622 dublum
1793 5567 1858 5650 (lulu
1879 5568 1920 5624 uu
1935 5580 1964 5625 et

314 5644 464 5702 incredibili
477 5665 585 5719 prorsus
596 5650 764 5717 credulitate,
782 5654 967 5729 iisnumquam
979 5662 1115 5719 examina·
1166 5656 1241 5712 tuille
1262 5658 1408 5724 concitati,
1424 5659 1517 5729 ignes,
1542 5659 1611 5715 lusus
1627 5668 1656 5716 ul
1676 5658 1793 5730 gladios,
1807 5670 1889 5731 uluuu
1909 5660 1963 5717 ullu

316 5739 360 5807 ῑῑι,
376 5739 531 5797 christianae
550 5744 674 5816 religioni
691 5744 762 5802 haud
783 5747 887 5806 incerto
913 5751 974 5825 sitae
994 5754 1114 5822 periculo
1165 5750 1337 5822 postularetis
1349 5753 1543 5824 suppliciorum
1556 5752 1582 5808 in
1598 5768 1646 5809 uos
1658 5767 1769 5824 genera,
1783 5752 1964 5823 quibussitiut

315 5841 392 5885 suum
402 5830 524 5902 protinus
535 5833 643 5892 dedisse
656 5838 771 5894 nomenl
785 5837 838 5895 Sed
852 5838 878 5895 in
893 5839 1049 5898 refellendis
1060 5852 1113 5900 tam
1164 5843 1383 5900 soletisnestram
1392 5844 1798 5917 nostrisangniuisappetitionc
1810 5841 1936 5915 proluere
1950 5863 1961 5896 t

315 5921 439 5979 attstrrdts
449 5922 607 5995 opinionum
618 5931 780 5990 commentis
794 5931 1113 6002 diutiosmorari,ltomi·
1163 5936 1281 6010 (idem,
1295 5938 1340 5994 lit.
1358 5954 1399 6006 tit,
1412 5957 1473 6011 paq.
1490 5938 1583 6004 taatt.
