<?xml version="1.0" encoding="UTF-8"?>
<!DOCTYPE html PUBLIC "-//W3C//DTD XHTML 1.0 Transitional//EN"
    "http://www.w3.org/TR/xhtml1/DTD/xhtml1-transitional.dtd">
<html xmlns="http://www.w3.org/1999/xhtml" xml:lang="en" lang="en">
 <head>
  <title>
</title>
<meta http-equiv="Content-Type" content="text/html;charset=utf-8" />
  <meta name='ocr-system' content='tesseract 3.04.00' />
  <meta name='ocr-capabilities' content='ocr_page ocr_carea ocr_par ocr_line ocrx_word'/>
</head>
<body>
  <div class='ocr_page' id='page_1' title='image "./patrologiaecurs177unkngoog_0306.png"; bbox 0 0 4150 6250; ppageno 0'>
   <div class='ocr_carea' id='block_1_1' title="bbox 263 228 1912 293">
    <p class='ocr_par' dir='ltr' id='par_1_1' title="bbox 263 228 1912 293">
     <span class='ocr_line' id='line_1_1' title="bbox 263 228 1912 293; baseline 0.001 -5"><span class='ocrx_word' id='word_1_1' title='bbox 263 231 316 289; x_wconf 77' lang='lat' dir='ltr'>cul</span> <span class='ocrx_word' id='word_1_2' title='bbox 890 228 1118 293; x_wconf 77' lang='lat' dir='ltr'>blsssntutto</span> <span class='ocrx_word' id='word_1_3' title='bbox 1137 229 1277 291; x_wconf 72' lang='lat' dir='ltr'>sumita</span> <span class='ocrx_word' id='word_1_4' title='bbox 1857 228 1912 289; x_wconf 83' lang='lat' dir='ltr'>ttbs</span> 
     </span>
    </p>
   </div>
   <div class='ocr_carea' id='block_1_2' title="bbox 264 342 1914 698">
    <p class='ocr_par' dir='ltr' id='par_1_2' title="bbox 264 342 1913 604">
     <span class='ocr_line' id='line_1_2' title="bbox 265 342 1908 419; baseline 0.001 -17"><span class='ocrx_word' id='word_1_5' title='bbox 265 344 390 402; x_wconf 87' lang='lat' dir='ltr'>omnibus</span> <span class='ocrx_word' id='word_1_6' title='bbox 400 343 627 411; x_wconf 86' lang='lat' dir='ltr'>concludendum,</span> <span class='ocrx_word' id='word_1_7' title='bbox 639 344 690 400; x_wconf 86' lang='lat' dir='ltr'>nisi</span> <span class='ocrx_word' id='word_1_8' title='bbox 700 342 815 417; x_wconf 76' lang='lat' dir='ltr'>gentiles</span> <span class='ocrx_word' id='word_1_9' title='bbox 825 345 932 402; x_wconf 87' lang='lat' dir='ltr'>rotaria</span> <span class='ocrx_word' id='word_1_10' title='bbox 942 359 1058 411; x_wconf 87' lang='lat' dir='ltr'>errasse,</span> <span class='ocrx_word' id='word_1_11' title='bbox 1072 349 1100 411; x_wconf 79' lang='grc' dir='ltr'>Λ</span> <span class='ocrx_word' id='word_1_12' title='bbox 1112 345 1177 412; x_wconf 75' lang='lat' dir='ltr'>diis:</span> <span class='ocrx_word' id='word_1_13' title='bbox 1193 360 1225 402; x_wconf 86' lang='lat' dir='ltr'>ac</span> <span class='ocrx_word' id='word_1_14' title='bbox 1239 346 1312 403; x_wconf 89' lang='lat' dir='ltr'>nulla</span> <span class='ocrx_word' id='word_1_15' title='bbox 1327 345 1380 404; x_wconf 87' lang='lat' dir='ltr'>sibi</span> <span class='ocrx_word' id='word_1_16' title='bbox 1396 346 1458 404; x_wconf 89' lang='lat' dir='ltr'>data</span> <span class='ocrx_word' id='word_1_17' title='bbox 1471 359 1563 415; x_wconf 87' lang='lat' dir='ltr'>eausa,</span> <span class='ocrx_word' id='word_1_18' title='bbox 1577 359 1643 419; x_wconf 89' lang='lat' dir='ltr'>opes</span> <span class='ocrx_word' id='word_1_19' title='bbox 1661 345 1758 403; x_wconf 87' lang='lat' dir='ltr'>lromm</span> <span class='ocrx_word' id='word_1_20' title='bbox 1771 344 1908 418; x_wconf 86' lang='lat' dir='ltr'>lraargere,</span> 
     </span>
     <span class='ocr_line' id='line_1_3' title="bbox 264 434 1912 513; baseline 0 -19"><span class='ocrx_word' id='word_1_21' title='bbox 264 438 340 510; x_wconf 91' lang='lat' dir='ltr'>quia</span> <span class='ocrx_word' id='word_1_22' title='bbox 357 435 424 494; x_wconf 84' lang='lat' dir='ltr'>lore</span> <span class='ocrx_word' id='word_1_23' title='bbox 438 445 466 495; x_wconf 89' lang='lat' dir='ltr'>et</span> <span class='ocrx_word' id='word_1_24' title='bbox 484 434 641 513; x_wconf 84' lang='lat' dir='ltr'>AEsculapio</span> <span class='ocrx_word' id='word_1_25' title='bbox 658 452 721 495; x_wconf 85' lang='lat' dir='ltr'>rcre</span> <span class='ocrx_word' id='word_1_26' title='bbox 740 435 812 493; x_wconf 86' lang='lat' dir='ltr'>editu</span> <span class='ocrx_word' id='word_1_27' title='bbox 830 436 913 495; x_wconf 87' lang='lat' dir='ltr'>luisse</span> <span class='ocrx_word' id='word_1_28' title='bbox 933 437 1061 494; x_wconf 89' lang='lat' dir='ltr'>miracula</span> <span class='ocrx_word' id='word_1_29' title='bbox 1112 446 1141 493; x_wconf 92' lang='lat' dir='ltr'>ut</span> <span class='ocrx_word' id='word_1_30' title='bbox 1162 437 1270 495; x_wconf 91' lang='lat' dir='ltr'>illorum</span> <span class='ocrx_word' id='word_1_31' title='bbox 1293 439 1433 496; x_wconf 75' lang='lat' dir='ltr'><strong>fautricem</strong></span> <span class='ocrx_word' id='word_1_32' title='bbox 1456 455 1486 497; x_wconf 92' lang='lat' dir='ltr'>se</span> <span class='ocrx_word' id='word_1_33' title='bbox 1508 437 1664 505; x_wconf 85' lang='lat' dir='ltr'>erlriberet;</span> <span class='ocrx_word' id='word_1_34' title='bbox 1689 438 1841 495; x_wconf 89' lang='lat' dir='ltr'>libertatem</span> <span class='ocrx_word' id='word_1_35' title='bbox 1866 438 1912 495; x_wconf 83' lang='lat' dir='ltr'>iris</span> 
     </span>
     <span class='ocr_line' id='line_1_4' title="bbox 265 529 1913 604; baseline 0.001 -18"><span class='ocrx_word' id='word_1_36' title='bbox 265 529 448 589; x_wconf 68' lang='lat' dir='ltr'>venditabant.</span> <span class='ocrx_word' id='word_1_37' title='bbox 1111 530 1228 598; x_wconf 86' lang='lat' dir='ltr'>aulerre,</span> <span class='ocrx_word' id='word_1_38' title='bbox 1245 542 1273 587; x_wconf 92' lang='lat' dir='ltr'>ut</span> <span class='ocrx_word' id='word_1_39' title='bbox 1290 531 1352 587; x_wconf 90' lang='lat' dir='ltr'>illos</span> <span class='ocrx_word' id='word_1_40' title='bbox 1373 531 1408 588; x_wconf 92' lang='lat' dir='ltr'>ad</span> <span class='ocrx_word' id='word_1_41' title='bbox 1427 546 1581 604; x_wconf 86' lang='lat' dir='ltr'>supremum</span> <span class='ocrx_word' id='word_1_42' title='bbox 1595 530 1736 589; x_wconf 82' lang='lat' dir='ltr'>extolleret</span> <span class='ocrx_word' id='word_1_43' title='bbox 1749 530 1913 587; x_wconf 86' lang='lat' dir='ltr'>dominatio·</span> 
     </span>
    </p>

    <p class='ocr_par' dir='ltr' id='par_1_3' title="bbox 567 623 1914 698">
     <span class='ocr_line' id='line_1_5' title="bbox 567 623 1914 698; baseline -0.001 -17"><span class='ocrx_word' id='word_1_44' title='bbox 567 639 714 682; x_wconf 82' lang='lat' dir='ltr'>rnrtcuuos</span> <span class='ocrx_word' id='word_1_45' title='bbox 731 625 762 682; x_wconf 88' lang='lat' dir='ltr'>ri.</span> <span class='ocrx_word' id='word_1_46' title='bbox 1112 624 1154 681; x_wconf 89' lang='lat' dir='ltr'>nis</span> <span class='ocrx_word' id='word_1_47' title='bbox 1169 624 1314 695; x_wconf 75' lang='lat' dir='ltr'>fastigium,</span> <span class='ocrx_word' id='word_1_48' title='bbox 1331 624 1461 698; x_wconf 85' lang='lat' dir='ltr'>Phrygios</span> <span class='ocrx_word' id='word_1_49' title='bbox 1473 624 1577 692; x_wconf 92' lang='lat' dir='ltr'>delere,</span> <span class='ocrx_word' id='word_1_50' title='bbox 1589 632 1618 681; x_wconf 93' lang='lat' dir='ltr'>ut</span> <span class='ocrx_word' id='word_1_51' title='bbox 1632 623 1754 680; x_wconf 82' lang='lat' dir='ltr'>Romana</span> <span class='ocrx_word' id='word_1_52' title='bbox 1766 623 1870 691; x_wconf 83' lang='lat' dir='ltr'>ciuitas,</span> <span class='ocrx_word' id='word_1_53' title='bbox 1885 624 1914 680; x_wconf 90' lang='lat' dir='ltr'>in</span> 
     </span>
    </p>
   </div>
   <div class='ocr_carea' id='block_1_3' title="bbox 265 710 1914 887">
    <p class='ocr_par' dir='ltr' id='par_1_4' title="bbox 265 710 1914 887">
     <span class='ocr_line' id='line_1_6' title="bbox 265 710 1914 799; baseline 0.001 -25"><span class='ocrx_word' id='word_1_54' title='bbox 265 736 361 798; x_wconf 58' lang='lat' dir='ltr'>omuga</span> <span class='ocrx_word' id='word_1_55' title='bbox 379 736 503 789; x_wconf 62' lang='lat' dir='ltr'>evgqfflq,</span> <span class='ocrx_word' id='word_1_56' title='bbox 514 737 639 788; x_wconf 56' lang='lat' dir='ltr'>gmqggs</span> <span class='ocrx_word' id='word_1_57' title='bbox 655 738 769 789; x_wconf 63' lang='lat' dir='ltr'>0320an</span> <span class='ocrx_word' id='word_1_58' title='bbox 786 736 847 788; x_wconf 60' lang='lat' dir='ltr'>qis,</span> <span class='ocrx_word' id='word_1_59' title='bbox 868 750 924 788; x_wconf 52' lang='lat' dir='ltr'>mg</span> <span class='ocrx_word' id='word_1_60' title='bbox 935 736 1061 799; x_wconf 55' lang='lat' dir='ltr'>mumma,</span> <span class='ocrx_word' id='word_1_61' title='bbox 1112 710 1223 775; x_wconf 82' lang='lat' dir='ltr'>humani</span> <span class='ocrx_word' id='word_1_62' title='bbox 1234 721 1341 789; x_wconf 85' lang='lat' dir='ltr'>generis</span> <span class='ocrx_word' id='word_1_63' title='bbox 1354 720 1500 790; x_wconf 89' lang='lat' dir='ltr'>perniciem</span> <span class='ocrx_word' id='word_1_64' title='bbox 1514 728 1588 787; x_wconf 76' lang='lat' dir='ltr'>nau,</span> <span class='ocrx_word' id='word_1_65' title='bbox 1602 718 1740 777; x_wconf 85' lang='lat' dir='ltr'>lunarium</span> <span class='ocrx_word' id='word_1_66' title='bbox 1754 718 1850 777; x_wconf 87' lang='lat' dir='ltr'>orbem</span> <span class='ocrx_word' id='word_1_67' title='bbox 1862 718 1914 776; x_wconf 90' lang='lat' dir='ltr'>sub</span> 
     </span>
     <span class='ocr_line' id='line_1_7' title="bbox 312 800 1703 887; baseline -0.001 -36"><span class='ocrx_word' id='word_1_68' title='bbox 312 812 351 851; x_wconf 88' lang='lat' dir='ltr'>uae</span> <span class='ocrx_word' id='word_1_69' title='bbox 363 800 528 851; x_wconf 84' lang='lat' dir='ltr'>ethnicilacta</span> <span class='ocrx_word' id='word_1_70' title='bbox 541 812 597 849; x_wconf 89' lang='lat' dir='ltr'>esse</span> <span class='ocrx_word' id='word_1_71' title='bbox 619 800 812 861; x_wconf 82' lang='lat' dir='ltr'>contendebant,</span> <span class='ocrx_word' id='word_1_72' title='bbox 831 814 887 852; x_wconf 89' lang='lat' dir='ltr'>cunr</span> <span class='ocrx_word' id='word_1_73' title='bbox 904 800 1063 851; x_wconf 81' lang='lat' dir='ltr'>simulacrum</span> <span class='ocrx_word' id='word_1_74' title='bbox 1112 814 1300 887; x_wconf 56' lang='lat' dir='ltr'>gravissimum</span> <span class='ocrx_word' id='word_1_75' title='bbox 1315 815 1454 875; x_wconf 62' lang='lat' dir='ltr'>30¹-ngqu</span> <span class='ocrx_word' id='word_1_76' title='bbox 1465 813 1558 887; x_wconf 61' lang='lat' dir='ltr'>jugum</span> <span class='ocrx_word' id='word_1_77' title='bbox 1572 815 1703 872; x_wconf 60' lang='lat' dir='ltr'>minem,</span> 
     </span>
    </p>
   </div>
   <div class='ocr_carea' id='block_1_4' title="bbox 321 861 1062 928">
    <p class='ocr_par' dir='ltr' id='par_1_5' title="bbox 321 861 1062 928">
     <span class='ocr_line' id='line_1_8' title="bbox 321 861 1062 928; baseline 0 -17"><span class='ocrx_word' id='word_1_78' title='bbox 321 865 382 923; x_wconf 78' lang='lat' dir='ltr'>atris</span> <span class='ocrx_word' id='word_1_79' title='bbox 393 875 430 912; x_wconf 90' lang='lat' dir='ltr'>rna</span> <span class='ocrx_word' id='word_1_80' title='bbox 450 875 487 913; x_wconf 83' lang='lat' dir='ltr'>uae</span> <span class='ocrx_word' id='word_1_81' title='bbox 499 876 531 913; x_wconf 82' lang='lat' dir='ltr'>ex</span> <span class='ocrx_word' id='word_1_82' title='bbox 550 861 748 928; x_wconf 73' lang='lat' dir='ltr'>Pbrgglomoute</span> <span class='ocrx_word' id='word_1_83' title='bbox 762 862 861 912; x_wconf 83' lang='lat' dir='ltr'>Romam</span> <span class='ocrx_word' id='word_1_84' title='bbox 873 863 1001 914; x_wconf 85' lang='lat' dir='ltr'>adductum</span> <span class='ocrx_word' id='word_1_85' title='bbox 1014 871 1062 923; x_wconf 90' lang='lat' dir='ltr'>est,</span> 
     </span>
    </p>
   </div>
   <div class='ocr_carea' id='block_1_5' title="bbox 295 878 1916 1072">
    <p class='ocr_par' dir='ltr' id='par_1_6' title="bbox 295 878 1916 1072">
     <span class='ocr_line' id='line_1_9' title="bbox 296 878 1916 988; baseline 0.004 -14"><span class='ocrx_word' id='word_1_86' title='bbox 296 934 371 988; x_wconf 88' lang='lat' dir='ltr'>atque</span> <span class='ocrx_word' id='word_1_87' title='bbox 383 878 449 976; x_wconf 50' lang='lat' dir='ltr'>aliud</span> <span class='ocrx_word' id='word_1_88' title='bbox 458 929 533 978; x_wconf 86' lang='lat' dir='ltr'>etiam</span> <span class='ocrx_word' id='word_1_89' title='bbox 541 924 609 977; x_wconf 78' lang='lat' dir='ltr'>ioris</span> <span class='ocrx_word' id='word_1_90' title='bbox 620 927 646 976; x_wconf 92' lang='lat' dir='ltr'>in</span> <span class='ocrx_word' id='word_1_91' title='bbox 657 926 763 976; x_wconf 88' lang='lat' dir='ltr'>editiore</span> <span class='ocrx_word' id='word_1_92' title='bbox 772 925 825 976; x_wconf 91' lang='lat' dir='ltr'>loeo</span> <span class='ocrx_word' id='word_1_93' title='bbox 835 925 867 974; x_wconf 84' lang='lat' dir='ltr'>ad</span> <span class='ocrx_word' id='word_1_94' title='bbox 877 924 1007 978; x_wconf 79' lang='lat' dir='ltr'>Orientem</span> <span class='ocrx_word' id='word_1_95' title='bbox 1015 925 1064 975; x_wconf 87' lang='lat' dir='ltr'>col·</span> <span class='ocrx_word' id='word_1_96' title='bbox 1149 905 1286 978; x_wconf 57' lang='lat' dir='ltr'>Urbem</span> <span class='ocrx_word' id='word_1_97' title='bbox 1295 906 1395 964; x_wconf 62' lang='lat' dir='ltr'>elhssissi</span> <span class='ocrx_word' id='word_1_98' title='bbox 1407 907 1551 979; x_wconf 61' lang='grc' dir='ltr'>θ11191110</span> <span class='ocrx_word' id='word_1_99' title='bbox 1561 906 1692 964; x_wconf 56' lang='lat' dir='ltr'>mimum</span> <span class='ocrx_word' id='word_1_100' title='bbox 1708 920 1830 978; x_wconf 61' lang='grc'><strong>11018113·</strong></span> <span class='ocrx_word' id='word_1_101' title='bbox 1843 903 1916 961; x_wconf 61' lang='lat' dir='ltr'><strong>⁸5⁰⁸st</strong></span> 
     </span>
     <span class='ocr_line' id='line_1_10' title="bbox 295 988 1916 1072; baseline 0.005 -25"><span class='ocrx_word' id='word_1_102' title='bbox 295 988 410 1041; x_wconf 88' lang='lat' dir='ltr'>locatum.</span> <span class='ocrx_word' id='word_1_103' title='bbox 1113 1001 1179 1072; x_wconf 87' lang='lat' dir='ltr'>ipsis</span> <span class='ocrx_word' id='word_1_104' title='bbox 1198 1000 1349 1065; x_wconf 89' lang='lat' dir='ltr'>videbatur,</span> <span class='ocrx_word' id='word_1_105' title='bbox 1364 1001 1498 1072; x_wconf 89' lang='lat' dir='ltr'>stupendo</span> <span class='ocrx_word' id='word_1_106' title='bbox 1516 1001 1631 1072; x_wconf 90' lang='lat' dir='ltr'>probare</span> <span class='ocrx_word' id='word_1_107' title='bbox 1645 1016 1739 1057; x_wconf 83' lang='lat' dir='ltr'>rursus</span> <span class='ocrx_word' id='word_1_108' title='bbox 1758 999 1916 1056; x_wconf 77' lang='lat' dir='ltr'>nitebantur</span> 
     </span>
    </p>
   </div>
   <div class='ocr_carea' id='block_1_6' title="bbox 267 1091 1925 2761">
    <p class='ocr_par' dir='ltr' id='par_1_7' title="bbox 267 1091 1925 2286">
     <span class='ocr_line' id='line_1_11' title="bbox 301 1091 1916 1167; baseline -0.001 -17"><span class='ocrx_word' id='word_1_109' title='bbox 301 1091 362 1150; x_wconf 89' lang='lat' dir='ltr'>Non</span> <span class='ocrx_word' id='word_1_110' title='bbox 385 1092 495 1164; x_wconf 83' lang='lat' dir='ltr'>majoris</span> <span class='ocrx_word' id='word_1_111' title='bbox 517 1092 638 1165; x_wconf 88' lang='lat' dir='ltr'>prolecto</span> <span class='ocrx_word' id='word_1_112' title='bbox 663 1093 790 1164; x_wconf 90' lang='lat' dir='ltr'>ponderis</span> <span class='ocrx_word' id='word_1_113' title='bbox 814 1103 873 1150; x_wconf 88' lang='lat' dir='ltr'>crat</span> <span class='ocrx_word' id='word_1_114' title='bbox 893 1093 1063 1151; x_wconf 86' lang='lat' dir='ltr'>ethnicorum</span> <span class='ocrx_word' id='word_1_115' title='bbox 1114 1093 1181 1150; x_wconf 83' lang='lat' dir='ltr'>dees</span> <span class='ocrx_word' id='word_1_116' title='bbox 1192 1109 1256 1151; x_wconf 89' lang='lat' dir='ltr'>suos</span> <span class='ocrx_word' id='word_1_117' title='bbox 1266 1095 1353 1165; x_wconf 85' lang='lat' dir='ltr'>reipsa</span> <span class='ocrx_word' id='word_1_118' title='bbox 1364 1095 1493 1159; x_wconf 81' lang='lat' dir='ltr'>existere,</span> <span class='ocrx_word' id='word_1_119' title='bbox 1508 1102 1590 1167; x_wconf 78' lang='lat' dir='ltr'>aque</span> <span class='ocrx_word' id='word_1_120' title='bbox 1603 1092 1735 1150; x_wconf 89' lang='lat' dir='ltr'>irrllnitam</span> <span class='ocrx_word' id='word_1_121' title='bbox 1749 1106 1810 1149; x_wconf 83' lang='lat' dir='ltr'>esse</span> <span class='ocrx_word' id='word_1_122' title='bbox 1819 1106 1916 1149; x_wconf 88' lang='lat' dir='ltr'>corum</span> 
     </span>
     <span class='ocr_line' id='line_1_12' title="bbox 267 1185 1914 1259; baseline -0.001 -16"><span class='ocrx_word' id='word_1_123' title='bbox 267 1185 475 1258; x_wconf 87' lang='lat' dir='ltr'>argumentatio,</span> <span class='ocrx_word' id='word_1_124' title='bbox 497 1201 530 1243; x_wconf 86' lang='lat' dir='ltr'>ea</span> <span class='ocrx_word' id='word_1_125' title='bbox 551 1186 603 1242; x_wconf 90' lang='lat' dir='ltr'>aliu</span> <span class='ocrx_word' id='word_1_126' title='bbox 621 1194 651 1243; x_wconf 87' lang='lat' dir='ltr'>et</span> <span class='ocrx_word' id='word_1_127' title='bbox 669 1201 767 1258; x_wconf 90' lang='lat' dir='ltr'>magno</span> <span class='ocrx_word' id='word_1_128' title='bbox 789 1185 908 1258; x_wconf 75' lang='lat' dir='ltr'>quitiam,</span> <span class='ocrx_word' id='word_1_129' title='bbox 929 1187 968 1242; x_wconf 92' lang='lat' dir='ltr'>uti</span> <span class='ocrx_word' id='word_1_130' title='bbox 986 1187 1065 1257; x_wconf 84' lang='lat' dir='ltr'>jacti·</span> <span class='ocrx_word' id='word_1_131' title='bbox 1115 1196 1277 1259; x_wconf 84' lang='lat' dir='ltr'>potestatem</span> <span class='ocrx_word' id='word_1_132' title='bbox 1290 1186 1410 1258; x_wconf 70' lang='lat' dir='ltr'>(arnob,</span> <span class='ocrx_word' id='word_1_133' title='bbox 1424 1186 1469 1242; x_wconf 83' lang='lat' dir='ltr'>itt.</span> <span class='ocrx_word' id='word_1_134' title='bbox 1481 1203 1528 1254; x_wconf 87' lang='grc' dir='ltr'>ιιι,</span> <span class='ocrx_word' id='word_1_135' title='bbox 1551 1205 1578 1258; x_wconf 83' lang='lat' dir='ltr'>p.</span> <span class='ocrx_word' id='word_1_136' title='bbox 1599 1186 1675 1256; x_wconf 73' lang='lat' dir='ltr'>aab).</span> <span class='ocrx_word' id='word_1_137' title='bbox 1689 1185 1914 1245; x_wconf 83' lang='lat' dir='ltr'>Teatibusenim·</span> 
     </span>
     <span class='ocr_line' id='line_1_13' title="bbox 268 1275 1916 1352; baseline 0 -18"><span class='ocrx_word' id='word_1_138' title='bbox 268 1277 372 1346; x_wconf 91' lang='lat' dir='ltr'>tabant,</span> <span class='ocrx_word' id='word_1_139' title='bbox 383 1277 513 1333; x_wconf 91' lang='lat' dir='ltr'>miraculo</span> <span class='ocrx_word' id='word_1_140' title='bbox 523 1277 665 1349; x_wconf 89' lang='lat' dir='ltr'>desumpta</span> <span class='ocrx_word' id='word_1_141' title='bbox 675 1278 851 1349; x_wconf 83' lang='lat' dir='ltr'>(Arnai.,lii.</span> <span class='ocrx_word' id='word_1_142' title='bbox 860 1294 906 1346; x_wconf 83' lang='lat' dir='ltr'>uti,</span> <span class='ocrx_word' id='word_1_143' title='bbox 919 1275 1063 1350; x_wconf 64' lang='lat' dir='ltr'>rapidi).</span> <span class='ocrx_word' id='word_1_144' title='bbox 1117 1282 1192 1345; x_wconf 80' lang='lat' dir='ltr'>uero,</span> <span class='ocrx_word' id='word_1_145' title='bbox 1208 1279 1375 1352; x_wconf 89' lang='lat' dir='ltr'>inquiebant,</span> <span class='ocrx_word' id='word_1_146' title='bbox 1387 1278 1440 1336; x_wconf 90' lang='lat' dir='ltr'>lide</span> <span class='ocrx_word' id='word_1_147' title='bbox 1451 1278 1615 1352; x_wconf 72' lang='lat' dir='ltr'>dignissimis</span> <span class='ocrx_word' id='word_1_148' title='bbox 1628 1279 1766 1335; x_wconf 82' lang='lat' dir='ltr'>memoriae</span> <span class='ocrx_word' id='word_1_149' title='bbox 1779 1277 1916 1349; x_wconf 85' lang='lat' dir='ltr'>proditum</span> 
     </span>
     <span class='ocr_line' id='line_1_14' title="bbox 267 1370 1919 1445; baseline 0 -18"><span class='ocrx_word' id='word_1_150' title='bbox 267 1371 405 1428; x_wconf 86' lang='lat' dir='ltr'>instabant</span> <span class='ocrx_word' id='word_1_151' title='bbox 428 1371 527 1427; x_wconf 79' lang='lat' dir='ltr'>etenim</span> <span class='ocrx_word' id='word_1_152' title='bbox 555 1371 686 1442; x_wconf 75' lang='lat' dir='ltr'>frequenti</span> <span class='ocrx_word' id='word_1_153' title='bbox 708 1386 832 1429; x_wconf 86' lang='lat' dir='ltr'>sermone</span> <span class='ocrx_word' id='word_1_154' title='bbox 857 1373 948 1429; x_wconf 86' lang='lat' dir='ltr'>tritum</span> <span class='ocrx_word' id='word_1_155' title='bbox 974 1371 1065 1428; x_wconf 86' lang='lat' dir='ltr'>diuino</span> <span class='ocrx_word' id='word_1_156' title='bbox 1116 1384 1174 1429; x_wconf 90' lang='lat' dir='ltr'>erat</span> <span class='ocrx_word' id='word_1_157' title='bbox 1190 1388 1250 1429; x_wconf 89' lang='lat' dir='ltr'>cum</span> <span class='ocrx_word' id='word_1_158' title='bbox 1269 1373 1430 1445; x_wconf 79' lang='lat' dir='ltr'>Capitolium</span> <span class='ocrx_word' id='word_1_159' title='bbox 1449 1371 1561 1429; x_wconf 87' lang='lat' dir='ltr'>lulmine</span> <span class='ocrx_word' id='word_1_160' title='bbox 1576 1373 1657 1428; x_wconf 90' lang='lat' dir='ltr'>ictum</span> <span class='ocrx_word' id='word_1_161' title='bbox 1676 1370 1783 1437; x_wconf 84' lang='lat' dir='ltr'>luisset,</span> <span class='ocrx_word' id='word_1_162' title='bbox 1800 1381 1863 1426; x_wconf 91' lang='lat' dir='ltr'>tunc</span> <span class='ocrx_word' id='word_1_163' title='bbox 1882 1370 1919 1427; x_wconf 90' lang='lat' dir='ltr'>dc</span> 
     </span>
     <span class='ocr_line' id='line_1_15' title="bbox 267 1462 1918 1537; baseline -0.001 -16"><span class='ocrx_word' id='word_1_164' title='bbox 267 1479 372 1537; x_wconf 84' lang='lat' dir='ltr'>magnae</span> <span class='ocrx_word' id='word_1_165' title='bbox 388 1463 491 1527; x_wconf 71' lang='lat' dir='ltr'>Matris.</span> <span class='ocrx_word' id='word_1_166' title='bbox 508 1465 566 1521; x_wconf 88' lang='lat' dir='ltr'>sire</span> <span class='ocrx_word' id='word_1_167' title='bbox 580 1464 672 1520; x_wconf 83' lang='lat' dir='ltr'>lintris</span> <span class='ocrx_word' id='word_1_168' title='bbox 684 1464 763 1520; x_wconf 90' lang='lat' dir='ltr'>deum</span> <span class='ocrx_word' id='word_1_169' title='bbox 776 1465 905 1532; x_wconf 88' lang='lat' dir='ltr'>subsidio,</span> <span class='ocrx_word' id='word_1_170' title='bbox 924 1475 1065 1537; x_wconf 81' lang='lat' dir='ltr'>postquam</span> <span class='ocrx_word' id='word_1_171' title='bbox 1117 1463 1183 1522; x_wconf 92' lang='lat' dir='ltr'>sede</span> <span class='ocrx_word' id='word_1_172' title='bbox 1206 1480 1254 1522; x_wconf 90' lang='lat' dir='ltr'>sua</span> <span class='ocrx_word' id='word_1_173' title='bbox 1277 1464 1449 1522; x_wconf 87' lang='lat' dir='ltr'>deturbatum</span> <span class='ocrx_word' id='word_1_174' title='bbox 1472 1464 1547 1521; x_wconf 83' lang='lat' dir='ltr'>loris</span> <span class='ocrx_word' id='word_1_175' title='bbox 1567 1463 1754 1522; x_wconf 76' lang='lat' dir='ltr'>simulacrum.</span> <span class='ocrx_word' id='word_1_176' title='bbox 1775 1462 1829 1520; x_wconf 89' lang='lat' dir='ltr'>Ubi</span> <span class='ocrx_word' id='word_1_177' title='bbox 1851 1478 1918 1520; x_wconf 86' lang='lat' dir='ltr'>uero</span> 
     </span>
     <span class='ocr_line' id='line_1_16' title="bbox 270 1554 1920 1631; baseline -0.001 -17"><span class='ocrx_word' id='word_1_178' title='bbox 270 1558 367 1615; x_wconf 82' lang='lat' dir='ltr'>ilatum</span> <span class='ocrx_word' id='word_1_179' title='bbox 380 1558 456 1630; x_wconf 80' lang='lat' dir='ltr'>jussu</span> <span class='ocrx_word' id='word_1_180' title='bbox 470 1558 576 1630; x_wconf 91' lang='lat' dir='ltr'>signum</span> <span class='ocrx_word' id='word_1_181' title='bbox 592 1557 1066 1631; x_wconf 82' lang='lat' dir='ltr'>illiuseberygionronteRomam</span> <span class='ocrx_word' id='word_1_182' title='bbox 1118 1556 1182 1611; x_wconf 91' lang='lat' dir='ltr'>illud</span> <span class='ocrx_word' id='word_1_183' title='bbox 1208 1556 1305 1613; x_wconf 86' lang='lat' dir='ltr'>altiore</span> <span class='ocrx_word' id='word_1_184' title='bbox 1330 1557 1391 1614; x_wconf 90' lang='lat' dir='ltr'>loco</span> <span class='ocrx_word' id='word_1_185' title='bbox 1411 1556 1446 1614; x_wconf 90' lang='lat' dir='ltr'>ad</span> <span class='ocrx_word' id='word_1_186' title='bbox 1480 1557 1613 1614; x_wconf 88' lang='lat' dir='ltr'>orientem</span> <span class='ocrx_word' id='word_1_187' title='bbox 1637 1554 1722 1613; x_wconf 88' lang='lat' dir='ltr'>solem</span> <span class='ocrx_word' id='word_1_188' title='bbox 1746 1555 1920 1627; x_wconf 80' lang='lat' dir='ltr'>haruspicum</span> 
     </span>
     <span class='ocr_line' id='line_1_17' title="bbox 268 1649 1921 1723; baseline -0.002 -15"><span class='ocrx_word' id='word_1_189' title='bbox 268 1659 435 1723; x_wconf 87' lang='lat' dir='ltr'>asportatum</span> <span class='ocrx_word' id='word_1_190' title='bbox 465 1650 534 1720; x_wconf 89' lang='lat' dir='ltr'>luit,</span> <span class='ocrx_word' id='word_1_191' title='bbox 552 1660 619 1708; x_wconf 92' lang='lat' dir='ltr'>tunc</span> <span class='ocrx_word' id='word_1_192' title='bbox 631 1650 737 1707; x_wconf 86' lang='lat' dir='ltr'>bostem</span> <span class='ocrx_word' id='word_1_193' title='bbox 752 1651 967 1722; x_wconf 86' lang='lat' dir='ltr'>potentissimum</span> <span class='ocrx_word' id='word_1_194' title='bbox 982 1649 1066 1706; x_wconf 77' lang='lat' dir='ltr'>Anni·</span> <span class='ocrx_word' id='word_1_195' title='bbox 1119 1665 1250 1723; x_wconf 89' lang='lat' dir='ltr'>response</span> <span class='ocrx_word' id='word_1_196' title='bbox 1262 1651 1423 1708; x_wconf 89' lang='lat' dir='ltr'>collocatum</span> <span class='ocrx_word' id='word_1_197' title='bbox 1438 1660 1491 1717; x_wconf 88' lang='lat' dir='ltr'>est,</span> <span class='ocrx_word' id='word_1_198' title='bbox 1504 1660 1559 1706; x_wconf 89' lang='lat' dir='ltr'>turn</span> <span class='ocrx_word' id='word_1_199' title='bbox 1575 1650 1695 1723; x_wconf 89' lang='lat' dir='ltr'>patuisse</span> <span class='ocrx_word' id='word_1_200' title='bbox 1708 1665 1752 1707; x_wconf 86' lang='lat' dir='ltr'>res</span> <span class='ocrx_word' id='word_1_201' title='bbox 1764 1649 1878 1717; x_wconf 89' lang='lat' dir='ltr'>abditas,</span> <span class='ocrx_word' id='word_1_202' title='bbox 1889 1657 1921 1705; x_wconf 90' lang='lat' dir='ltr'>et</span> 
     </span>
     <span class='ocr_line' id='line_1_18' title="bbox 270 1741 1921 1816; baseline -0.001 -16"><span class='ocrx_word' id='word_1_203' title='bbox 270 1745 359 1801; x_wconf 87' lang='lat' dir='ltr'>belem</span> <span class='ocrx_word' id='word_1_204' title='bbox 369 1760 402 1800; x_wconf 83' lang='lat' dir='ltr'>ex</span> <span class='ocrx_word' id='word_1_205' title='bbox 416 1742 492 1799; x_wconf 88' lang='lat' dir='ltr'>ltalia</span> <span class='ocrx_word' id='word_1_206' title='bbox 504 1743 621 1815; x_wconf 88' lang='lat' dir='ltr'>pulsnm,</span> <span class='ocrx_word' id='word_1_207' title='bbox 633 1760 665 1800; x_wconf 88' lang='lat' dir='ltr'>ac</span> <span class='ocrx_word' id='word_1_208' title='bbox 674 1744 818 1816; x_wconf 91' lang='lat' dir='ltr'>reportatis</span> <span class='ocrx_word' id='word_1_209' title='bbox 829 1744 974 1800; x_wconf 86' lang='lat' dir='ltr'>illustribus</span> <span class='ocrx_word' id='word_1_210' title='bbox 985 1743 1068 1799; x_wconf 87' lang='lat' dir='ltr'>riete-</span> <span class='ocrx_word' id='word_1_211' title='bbox 1081 1743 1106 1805; x_wconf 88' lang='lat' dir='ltr'>B</span> <span class='ocrx_word' id='word_1_212' title='bbox 1120 1745 1147 1801; x_wconf 88' lang='lat' dir='ltr'>itt</span> <span class='ocrx_word' id='word_1_213' title='bbox 1171 1754 1291 1802; x_wconf 87' lang='lat' dir='ltr'>reserata</span> <span class='ocrx_word' id='word_1_214' title='bbox 1316 1745 1479 1801; x_wconf 81' lang='lat' dir='ltr'>uindicatum</span> <span class='ocrx_word' id='word_1_215' title='bbox 1500 1743 1641 1801; x_wconf 85' lang='lat' dir='ltr'>ntalelicia.</span> <span class='ocrx_word' id='word_1_216' title='bbox 1667 1742 1764 1800; x_wconf 86' lang='lat' dir='ltr'>Narrat</span> <span class='ocrx_word' id='word_1_217' title='bbox 1784 1741 1921 1813; x_wconf 84' lang='lat' dir='ltr'>siquidem</span> 
     </span>
     <span class='ocr_line' id='line_1_19' title="bbox 270 1824 1922 1910; baseline -0.005 -13"><span class='ocrx_word' id='word_1_218' title='bbox 270 1839 329 1907; x_wconf 86' lang='lat' dir='ltr'>riis,</span> <span class='ocrx_word' id='word_1_219' title='bbox 352 1824 486 1896; x_wconf 73' lang='lat' dir='ltr'>redditum</span> <span class='ocrx_word' id='word_1_220' title='bbox 507 1837 575 1896; x_wconf 85' lang='lat' dir='ltr'>Urbi</span> <span class='ocrx_word' id='word_1_221' title='bbox 597 1837 688 1907; x_wconf 90' lang='lat' dir='ltr'>decus,</span> <span class='ocrx_word' id='word_1_222' title='bbox 710 1837 848 1910; x_wconf 87' lang='lat' dir='ltr'>multaque</span> <span class='ocrx_word' id='word_1_223' title='bbox 867 1838 920 1893; x_wconf 87' lang='lat' dir='ltr'>alia</span> <span class='ocrx_word' id='word_1_224' title='bbox 944 1836 1017 1893; x_wconf 89' lang='lat' dir='ltr'>domi</span> <span class='ocrx_word' id='word_1_225' title='bbox 1041 1844 1070 1892; x_wconf 89' lang='lat' dir='ltr'>et</span> <span class='ocrx_word' id='word_1_226' title='bbox 1120 1837 1216 1895; x_wconf 84' lang='lat' dir='ltr'>Cicero</span> <span class='ocrx_word' id='word_1_227' title='bbox 1229 1853 1244 1892; x_wconf 88' lang='lat' dir='ltr'>a</span> <span class='ocrx_word' id='word_1_228' title='bbox 1257 1837 1386 1893; x_wconf 84' lang='lat' dir='ltr'>Romanis</span> <span class='ocrx_word' id='word_1_229' title='bbox 1406 1837 1563 1893; x_wconf 87' lang='lat' dir='ltr'>memoriter</span> <span class='ocrx_word' id='word_1_230' title='bbox 1575 1836 1664 1892; x_wconf 87' lang='lat' dir='ltr'>adbuc</span> <span class='ocrx_word' id='word_1_231' title='bbox 1678 1835 1764 1891; x_wconf 88' lang='lat' dir='ltr'>teucri</span> <span class='ocrx_word' id='word_1_232' title='bbox 1783 1833 1922 1906; x_wconf 89' lang='lat' dir='ltr'>quomodo</span> 
     </span>
     <span class='ocr_line' id='line_1_20' title="bbox 272 1927 1923 2005; baseline -0.004 -14"><span class='ocrx_word' id='word_1_233' title='bbox 272 1934 337 1991; x_wconf 88' lang='lat' dir='ltr'>luris</span> <span class='ocrx_word' id='word_1_234' title='bbox 356 1934 485 2004; x_wconf 74' lang='lat' dir='ltr'>preclare</span> <span class='ocrx_word' id='word_1_235' title='bbox 498 1943 585 2005; x_wconf 84' lang='lat' dir='ltr'>gesta,</span> <span class='ocrx_word' id='word_1_236' title='bbox 603 1950 661 2005; x_wconf 76' lang='lat' dir='ltr'>que</span> <span class='ocrx_word' id='word_1_237' title='bbox 680 1932 809 1989; x_wconf 82' lang='lat' dir='ltr'>Rornanae</span> <span class='ocrx_word' id='word_1_238' title='bbox 823 1934 911 2005; x_wconf 90' lang='lat' dir='ltr'>gentis</span> <span class='ocrx_word' id='word_1_239' title='bbox 927 1946 1025 1988; x_wconf 90' lang='lat' dir='ltr'>nomen</span> <span class='ocrx_word' id='word_1_240' title='bbox 1041 1942 1069 1988; x_wconf 89' lang='lat' dir='ltr'>et</span> <span class='ocrx_word' id='word_1_241' title='bbox 1122 1932 1245 2004; x_wconf 88' lang='lat' dir='ltr'>plurimis</span> <span class='ocrx_word' id='word_1_242' title='bbox 1257 1931 1369 1988; x_wconf 90' lang='lat' dir='ltr'>deorum</span> <span class='ocrx_word' id='word_1_243' title='bbox 1383 1930 1544 1999; x_wconf 89' lang='lat' dir='ltr'>simulacris,</span> <span class='ocrx_word' id='word_1_244' title='bbox 1560 1946 1594 1987; x_wconf 83' lang='lat' dir='ltr'>eu</span> <span class='ocrx_word' id='word_1_245' title='bbox 1608 1944 1656 1987; x_wconf 88' lang='lat' dir='ltr'>suu</span> <span class='ocrx_word' id='word_1_246' title='bbox 1670 1930 1698 1985; x_wconf 92' lang='lat' dir='ltr'>in</span> <span class='ocrx_word' id='word_1_247' title='bbox 1710 1928 1842 2001; x_wconf 84' lang='lat' dir='ltr'>Capitolio</span> <span class='ocrx_word' id='word_1_248' title='bbox 1854 1927 1923 1985; x_wconf 88' lang='lat' dir='ltr'>aede</span> 
     </span>
     <span class='ocr_line' id='line_1_21' title="bbox 272 2022 1925 2097; baseline -0.004 -13"><span class='ocrx_word' id='word_1_249' title='bbox 272 2025 439 2097; x_wconf 83' lang='lat' dir='ltr'>majestatem</span> <span class='ocrx_word' id='word_1_250' title='bbox 452 2025 625 2097; x_wconf 89' lang='lat' dir='ltr'>insuperabili</span> <span class='ocrx_word' id='word_1_251' title='bbox 637 2026 763 2082; x_wconf 90' lang='lat' dir='ltr'>llrmitate</span> <span class='ocrx_word' id='word_1_252' title='bbox 777 2024 963 2082; x_wconf 79' lang='lat' dir='ltr'>fundaverunt.</span> <span class='ocrx_word' id='word_1_253' title='bbox 974 2024 998 2080; x_wconf 87' lang='lat' dir='ltr'>ll</span> <span class='ocrx_word' id='word_1_254' title='bbox 1010 2025 1070 2095; x_wconf 92' lang='lat' dir='ltr'>qui·</span> <span class='ocrx_word' id='word_1_255' title='bbox 1120 2024 1249 2096; x_wconf 88' lang='lat' dir='ltr'>depulsis,</span> <span class='ocrx_word' id='word_1_256' title='bbox 1263 2024 1431 2096; x_wconf 86' lang='lat' dir='ltr'>haruspices,</span> <span class='ocrx_word' id='word_1_257' title='bbox 1446 2040 1481 2082; x_wconf 81' lang='lat' dir='ltr'>eu</span> <span class='ocrx_word' id='word_1_258' title='bbox 1498 2034 1553 2081; x_wconf 90' lang='lat' dir='ltr'>tota</span> <span class='ocrx_word' id='word_1_259' title='bbox 1568 2023 1677 2080; x_wconf 82' lang='lat' dir='ltr'>Etruria</span> <span class='ocrx_word' id='word_1_260' title='bbox 1692 2022 1825 2091; x_wconf 83' lang='lat' dir='ltr'>accersiti,</span> <span class='ocrx_word' id='word_1_261' title='bbox 1841 2041 1851 2075; x_wconf 83' lang='lat' dir='ltr'>r</span> <span class='ocrx_word' id='word_1_262' title='bbox 1862 2022 1925 2092; x_wconf 76' lang='lat' dir='ltr'>jus·</span> 
     </span>
     <span class='ocr_line' id='line_1_22' title="bbox 273 2115 1923 2192; baseline -0.002 -15"><span class='ocrx_word' id='word_1_263' title='bbox 273 2120 324 2177; x_wconf 87' lang='lat' dir='ltr'>bna</span> <span class='ocrx_word' id='word_1_264' title='bbox 345 2129 436 2177; x_wconf 89' lang='lat' dir='ltr'>autem</span> <span class='ocrx_word' id='word_1_265' title='bbox 456 2119 637 2192; x_wconf 85' lang='lat' dir='ltr'>scriptoribus</span> <span class='ocrx_word' id='word_1_266' title='bbox 660 2119 719 2177; x_wconf 77' lang='lat' dir='ltr'>baec</span> <span class='ocrx_word' id='word_1_267' title='bbox 739 2120 836 2177; x_wconf 89' lang='lat' dir='ltr'>litteris</span> <span class='ocrx_word' id='word_1_268' title='bbox 857 2121 982 2176; x_wconf 90' lang='lat' dir='ltr'>mandata</span> <span class='ocrx_word' id='word_1_269' title='bbox 1003 2119 1068 2186; x_wconf 87' lang='lat' dir='ltr'>sint,</span> <span class='ocrx_word' id='word_1_270' title='bbox 1121 2130 1214 2176; x_wconf 89' lang='lat' dir='ltr'>serunt</span> <span class='ocrx_word' id='word_1_271' title='bbox 1232 2117 1495 2176; x_wconf 78' lang='lat' dir='ltr'>simulacrumloris</span> <span class='ocrx_word' id='word_1_272' title='bbox 1510 2117 1750 2189; x_wconf 65' lang='lat' dir='ltr'>[ermentrudem</span> <span class='ocrx_word' id='word_1_273' title='bbox 1766 2115 1796 2173; x_wconf 91' lang='lat' dir='ltr'>in</span> <span class='ocrx_word' id='word_1_274' title='bbox 1813 2116 1923 2175; x_wconf 82' lang='lat' dir='ltr'>excelso</span> 
     </span>
     <span class='ocr_line' id='line_1_23' title="bbox 271 2208 1924 2286; baseline -0.001 -17"><span class='ocrx_word' id='word_1_275' title='bbox 271 2212 336 2271; x_wconf 86' lang='lat' dir='ltr'>alibi</span> <span class='ocrx_word' id='word_1_276' title='bbox 350 2214 517 2271; x_wconf 88' lang='lat' dir='ltr'>ostendimus</span> <span class='ocrx_word' id='word_1_277' title='bbox 534 2213 654 2285; x_wconf 74' lang='lat' dir='ltr'>(bisam.</span> <span class='ocrx_word' id='word_1_278' title='bbox 671 2214 698 2268; x_wconf 86' lang='lat' dir='ltr'>ira</span> <span class='ocrx_word' id='word_1_279' title='bbox 711 2212 822 2281; x_wconf 81' lang='lat' dir='ltr'>illanc,</span> <span class='ocrx_word' id='word_1_280' title='bbox 836 2229 896 2284; x_wconf 84' lang='lat' dir='ltr'>cap.</span> <span class='ocrx_word' id='word_1_281' title='bbox 911 2212 956 2280; x_wconf 83' lang='lat' dir='ltr'>ts,</span> <span class='ocrx_word' id='word_1_282' title='bbox 970 2221 1021 2267; x_wconf 88' lang='lat' dir='ltr'>ort.</span> <span class='ocrx_word' id='word_1_283' title='bbox 1035 2208 1068 2281; x_wconf 90' lang='grc' dir='ltr'>ι).</span> <span class='ocrx_word' id='word_1_284' title='bbox 1121 2213 1266 2279; x_wconf 88' lang='lat' dir='ltr'>collocare,</span> <span class='ocrx_word' id='word_1_285' title='bbox 1283 2223 1310 2270; x_wconf 92' lang='lat' dir='ltr'>et</span> <span class='ocrx_word' id='word_1_286' title='bbox 1324 2223 1419 2271; x_wconf 92' lang='lat' dir='ltr'>contra</span> <span class='ocrx_word' id='word_1_287' title='bbox 1431 2222 1512 2286; x_wconf 90' lang='lat' dir='ltr'>atque</span> <span class='ocrx_word' id='word_1_288' title='bbox 1527 2212 1625 2280; x_wconf 89' lang='lat' dir='ltr'>luerat,</span> <span class='ocrx_word' id='word_1_289' title='bbox 1641 2212 1675 2271; x_wconf 88' lang='lat' dir='ltr'>ad</span> <span class='ocrx_word' id='word_1_290' title='bbox 1694 2211 1833 2269; x_wconf 84' lang='lat' dir='ltr'>Orientem</span> <span class='ocrx_word' id='word_1_291' title='bbox 1855 2225 1924 2268; x_wconf 91' lang='lat' dir='ltr'>con·</span> 
     </span>
    </p>

    <p class='ocr_par' dir='ltr' id='par_1_8' title="bbox 271 2303 1924 2761">
     <span class='ocr_line' id='line_1_24' title="bbox 308 2303 1923 2380; baseline -0.002 -17"><span class='ocrx_word' id='word_1_292' title='bbox 308 2305 361 2363; x_wconf 87' lang='lat' dir='ltr'>Sed</span> <span class='ocrx_word' id='word_1_293' title='bbox 386 2306 446 2379; x_wconf 69' lang='lat' dir='ltr'>boe,</span> <span class='ocrx_word' id='word_1_294' title='bbox 458 2318 644 2379; x_wconf 88' lang='lat' dir='ltr'>argumentum</span> <span class='ocrx_word' id='word_1_295' title='bbox 666 2307 801 2363; x_wconf 72' lang='lat' dir='ltr'>arnobius</span> <span class='ocrx_word' id='word_1_296' title='bbox 822 2307 965 2374; x_wconf 81' lang='lat' dir='ltr'>sterilibus,</span> <span class='ocrx_word' id='word_1_297' title='bbox 989 2317 1069 2378; x_wconf 90' lang='lat' dir='ltr'>atquc</span> <span class='ocrx_word' id='word_1_298' title='bbox 1121 2316 1245 2375; x_wconf 86' lang='lat' dir='ltr'>tertcre;</span> <span class='ocrx_word' id='word_1_299' title='bbox 1268 2322 1300 2363; x_wconf 91' lang='lat' dir='ltr'>ae</span> <span class='ocrx_word' id='word_1_300' title='bbox 1322 2322 1352 2365; x_wconf 90' lang='lat' dir='ltr'>se</span> <span class='ocrx_word' id='word_1_301' title='bbox 1373 2321 1485 2380; x_wconf 89' lang='lat' dir='ltr'>sperare</span> <span class='ocrx_word' id='word_1_302' title='bbox 1505 2306 1641 2372; x_wconf 78' lang='lat' dir='ltr'>dixerunt,</span> <span class='ocrx_word' id='word_1_303' title='bbox 1664 2304 1688 2361; x_wconf 91' lang='lat' dir='ltr'>si</span> <span class='ocrx_word' id='word_1_304' title='bbox 1713 2303 1779 2360; x_wconf 91' lang='lat' dir='ltr'>illud</span> <span class='ocrx_word' id='word_1_305' title='bbox 1802 2304 1923 2376; x_wconf 88' lang='lat' dir='ltr'>signum,</span> 
     </span>
     <span class='ocr_line' id='line_1_25' title="bbox 272 2390 1923 2475; baseline -0.001 -20"><span class='ocrx_word' id='word_1_306' title='bbox 272 2400 406 2471; x_wconf 83' lang='lat' dir='ltr'>superius.</span> <span class='ocrx_word' id='word_1_307' title='bbox 422 2400 560 2472; x_wconf 84' lang='lat' dir='ltr'>responsis</span> <span class='ocrx_word' id='word_1_308' title='bbox 574 2399 683 2457; x_wconf 88' lang='lat' dir='ltr'>relellit.</span> <span class='ocrx_word' id='word_1_309' title='bbox 698 2399 768 2455; x_wconf 85' lang='lat' dir='ltr'>Nihil</span> <span class='ocrx_word' id='word_1_310' title='bbox 777 2390 878 2471; x_wconf 86' lang='lat' dir='ltr'>‘quippe</span> <span class='ocrx_word' id='word_1_311' title='bbox 888 2399 956 2466; x_wconf 81' lang='lat' dir='ltr'>reri,</span> <span class='ocrx_word' id='word_1_312' title='bbox 973 2398 1068 2471; x_wconf 89' lang='lat' dir='ltr'>inquit,</span> <span class='ocrx_word' id='word_1_313' title='bbox 1122 2402 1192 2475; x_wconf 89' lang='lat' dir='ltr'>qnod</span> <span class='ocrx_word' id='word_1_314' title='bbox 1206 2401 1313 2468; x_wconf 87' lang='lat' dir='ltr'>ridetis,</span> <span class='ocrx_word' id='word_1_315' title='bbox 1327 2401 1399 2458; x_wconf 86' lang='lat' dir='ltr'>Solis</span> <span class='ocrx_word' id='word_1_316' title='bbox 1412 2409 1512 2469; x_wconf 89' lang='lat' dir='ltr'>ortum,</span> <span class='ocrx_word' id='word_1_317' title='bbox 1528 2408 1557 2457; x_wconf 90' lang='lat' dir='ltr'>et</span> <span class='ocrx_word' id='word_1_318' title='bbox 1570 2399 1671 2465; x_wconf 87' lang='lat' dir='ltr'>iorum,</span> <span class='ocrx_word' id='word_1_319' title='bbox 1686 2398 1843 2469; x_wconf 88' lang='lat' dir='ltr'>curiamque</span> <span class='ocrx_word' id='word_1_320' title='bbox 1855 2412 1923 2454; x_wconf 85' lang='lat' dir='ltr'>cun-</span> 
     </span>
     <span class='ocr_line' id='line_1_26' title="bbox 271 2490 1924 2567; baseline -0.003 -14"><span class='ocrx_word' id='word_1_321' title='bbox 271 2496 299 2553; x_wconf 91' lang='lat' dir='ltr'>in</span> <span class='ocrx_word' id='word_1_322' title='bbox 315 2504 369 2552; x_wconf 87' lang='lat' dir='ltr'>lota</span> <span class='ocrx_word' id='word_1_323' title='bbox 387 2495 432 2552; x_wconf 88' lang='lat' dir='ltr'>illa</span> <span class='ocrx_word' id='word_1_324' title='bbox 452 2494 564 2552; x_wconf 89' lang='lat' dir='ltr'>bisteria</span> <span class='ocrx_word' id='word_1_325' title='bbox 580 2496 741 2562; x_wconf 88' lang='lat' dir='ltr'>continetur,</span> <span class='ocrx_word' id='word_1_326' title='bbox 756 2495 808 2551; x_wconf 90' lang='lat' dir='ltr'>nisi</span> <span class='ocrx_word' id='word_1_327' title='bbox 821 2495 921 2565; x_wconf 87' lang='lat' dir='ltr'>quoda</span> <span class='ocrx_word' id='word_1_328' title='bbox 937 2508 1001 2565; x_wconf 89' lang='lat' dir='ltr'>rege</span> <span class='ocrx_word' id='word_1_329' title='bbox 1019 2495 1069 2548; x_wconf 84' lang='grc' dir='ltr'>Αι-</span> <span class='ocrx_word' id='word_1_330' title='bbox 1121 2496 1249 2567; x_wconf 89' lang='lat' dir='ltr'>spiceret,</span> <span class='ocrx_word' id='word_1_331' title='bbox 1265 2495 1323 2551; x_wconf 85' lang='lat' dir='ltr'>iore</span> <span class='ocrx_word' id='word_1_332' title='bbox 1335 2504 1364 2550; x_wconf 91' lang='lat' dir='ltr'>nt</span> <span class='ocrx_word' id='word_1_333' title='bbox 1377 2508 1409 2550; x_wconf 88' lang='lat' dir='ltr'>ea</span> <span class='ocrx_word' id='word_1_334' title='bbox 1423 2492 1546 2561; x_wconf 86' lang='lat' dir='ltr'>consilia,</span> <span class='ocrx_word' id='word_1_335' title='bbox 1561 2508 1620 2565; x_wconf 85' lang='lat' dir='ltr'>quae</span> <span class='ocrx_word' id='word_1_336' title='bbox 1639 2492 1708 2549; x_wconf 88' lang='lat' dir='ltr'>elam</span> <span class='ocrx_word' id='word_1_337' title='bbox 1725 2490 1840 2549; x_wconf 82' lang='lat' dir='ltr'>luissent</span> <span class='ocrx_word' id='word_1_338' title='bbox 1856 2492 1924 2548; x_wconf 86' lang='lat' dir='ltr'>inita</span> 
     </span>
     <span class='ocr_line' id='line_1_27' title="bbox 274 2587 1922 2660; baseline -0.002 -16"><span class='ocrx_word' id='word_1_339' title='bbox 274 2588 339 2656; x_wconf 91' lang='lat' dir='ltr'>talo,</span> <span class='ocrx_word' id='word_1_340' title='bbox 355 2588 435 2644; x_wconf 90' lang='lat' dir='ltr'>sicuti</span> <span class='ocrx_word' id='word_1_341' title='bbox 453 2588 573 2657; x_wconf 88' lang='lat' dir='ltr'>aiebant,</span> <span class='ocrx_word' id='word_1_342' title='bbox 594 2588 693 2646; x_wconf 88' lang='lat' dir='ltr'>missus</span> <span class='ocrx_word' id='word_1_343' title='bbox 714 2597 757 2645; x_wconf 90' lang='lat' dir='ltr'>est</span> <span class='ocrx_word' id='word_1_344' title='bbox 775 2604 809 2644; x_wconf 87' lang='lat' dir='ltr'>ex</span> <span class='ocrx_word' id='word_1_345' title='bbox 828 2587 944 2660; x_wconf 86' lang='lat' dir='ltr'>Phrygio</span> <span class='ocrx_word' id='word_1_346' title='bbox 965 2594 1069 2652; x_wconf 88' lang='lat' dir='ltr'>monte,</span> <span class='ocrx_word' id='word_1_347' title='bbox 1121 2599 1215 2645; x_wconf 86' lang='lat' dir='ltr'>contra</span> <span class='ocrx_word' id='word_1_348' title='bbox 1234 2590 1349 2646; x_wconf 91' lang='lat' dir='ltr'>salutem</span> <span class='ocrx_word' id='word_1_349' title='bbox 1370 2588 1448 2646; x_wconf 84' lang='lat' dir='ltr'>Urbis</span> <span class='ocrx_word' id='word_1_350' title='bbox 1467 2600 1549 2660; x_wconf 91' lang='lat' dir='ltr'>atque</span> <span class='ocrx_word' id='word_1_351' title='bbox 1569 2587 1686 2658; x_wconf 85' lang='lat' dir='ltr'>imperii,</span> <span class='ocrx_word' id='word_1_352' title='bbox 1704 2587 1922 2653; x_wconf 59' lang='lat' dir='ltr'>illustratorum</span> 
     </span>
     <span class='ocr_line' id='line_1_28' title="bbox 275 2679 1924 2761; baseline -0.003 -22"><span class='ocrx_word' id='word_1_353' title='bbox 275 2694 303 2740; x_wconf 88' lang='lat' dir='ltr'>et</span> <span class='ocrx_word' id='word_1_354' title='bbox 326 2682 440 2739; x_wconf 83' lang='lat' dir='ltr'>Romam</span> <span class='ocrx_word' id='word_1_355' title='bbox 462 2680 526 2739; x_wconf 91' lang='lat' dir='ltr'>inde</span> <span class='ocrx_word' id='word_1_356' title='bbox 548 2691 702 2754; x_wconf 88' lang='lat' dir='ltr'>asportatus</span> <span class='ocrx_word' id='word_1_357' title='bbox 739 2696 837 2761; x_wconf 84' lang='lat' dir='ltr'>partus</span> <span class='ocrx_word' id='word_1_358' title='bbox 859 2680 968 2752; x_wconf 87' lang='lat' dir='ltr'>quidam</span> <span class='ocrx_word' id='word_1_359' title='bbox 990 2679 1068 2750; x_wconf 84' lang='lat' dir='ltr'>lupis,</span> <span class='ocrx_word' id='word_1_360' title='bbox 1123 2691 1152 2738; x_wconf 88' lang='lat' dir='ltr'>ut</span> <span class='ocrx_word' id='word_1_361' title='bbox 1173 2698 1188 2738; x_wconf 90' lang='lat' dir='ltr'>a</span> <span class='ocrx_word' id='word_1_362' title='bbox 1209 2683 1238 2739; x_wconf 86' lang='lat' dir='ltr'>S.</span> <span class='ocrx_word' id='word_1_363' title='bbox 1261 2683 1291 2739; x_wconf 84' lang='lat' dir='ltr'>P.</span> <span class='ocrx_word' id='word_1_364' title='bbox 1315 2682 1348 2751; x_wconf 84' lang='lat' dir='ltr'>Q.</span> <span class='ocrx_word' id='word_1_365' title='bbox 1371 2681 1404 2738; x_wconf 86' lang='lat' dir='ltr'>lt.</span> <span class='ocrx_word' id='word_1_366' title='bbox 1429 2681 1544 2753; x_wconf 84' lang='lat' dir='ltr'>perspici</span> <span class='ocrx_word' id='word_1_367' title='bbox 1564 2689 1686 2753; x_wconf 87' lang='lat' dir='ltr'>possent.</span> <span class='ocrx_word' id='word_1_368' title='bbox 1701 2679 1840 2755; x_wconf 61' lang='lat' dir='ltr'>qiidam,</span> <span class='ocrx_word' id='word_1_369' title='bbox 1855 2688 1924 2736; x_wconf 83' lang='lat' dir='ltr'>orat.</span> 
     </span>
    </p>
   </div>
   <div class='ocr_carea' id='block_1_7' title="bbox 184 2770 1464 2847">
    <p class='ocr_par' dir='ltr' id='par_1_9' title="bbox 184 2770 1464 2847">
     <span class='ocr_line' id='line_1_29' title="bbox 184 2770 1464 2847; baseline -0.002 -12"><span class='ocrx_word' id='word_1_370' title='bbox 184 2826 188 2835; x_wconf 93' lang='lat'><em>.</em></span> <span class='ocrx_word' id='word_1_371' title='bbox 274 2775 362 2847; x_wconf 88' lang='lat' dir='ltr'>niger,</span> <span class='ocrx_word' id='word_1_372' title='bbox 388 2775 482 2842; x_wconf 88' lang='lat' dir='ltr'>durus,</span> <span class='ocrx_word' id='word_1_373' title='bbox 508 2789 588 2846; x_wconf 86' lang='lat' dir='ltr'>asper</span> <span class='ocrx_word' id='word_1_374' title='bbox 611 2789 663 2831; x_wconf 91' lang='lat' dir='ltr'>nec</span> <span class='ocrx_word' id='word_1_375' title='bbox 688 2775 754 2831; x_wconf 90' lang='lat' dir='ltr'>satis</span> <span class='ocrx_word' id='word_1_376' title='bbox 782 2788 910 2845; x_wconf 84' lang='lat' dir='ltr'>expressa</span> <span class='ocrx_word' id='word_1_377' title='bbox 933 2770 1070 2828; x_wconf 87' lang='lat' dir='ltr'>simulacri</span> <span class='ocrx_word' id='word_1_378' title='bbox 1122 2775 1182 2830; x_wconf 72' lang='lat' dir='ltr'>din</span> <span class='ocrx_word' id='word_1_379' title='bbox 1205 2772 1293 2841; x_wconf 79' lang='lat' dir='ltr'>durii,</span> <span class='ocrx_word' id='word_1_380' title='bbox 1309 2791 1370 2847; x_wconf 76' lang='lat' dir='ltr'>pag.</span> <span class='ocrx_word' id='word_1_381' title='bbox 1386 2773 1464 2847; x_wconf 72' lang='lat'><strong>529.)</strong></span> 
     </span>
    </p>
   </div>
   <div class='ocr_carea' id='block_1_8' title="bbox 273 2864 1928 3221">
    <p class='ocr_par' dir='ltr' id='par_1_10' title="bbox 273 2864 1928 3221">
     <span class='ocr_line' id='line_1_30' title="bbox 273 2864 1927 2941; baseline -0.001 -16"><span class='ocrx_word' id='word_1_382' title='bbox 273 2866 363 2939; x_wconf 85' lang='lat' dir='ltr'>elligie</span> <span class='ocrx_word' id='word_1_383' title='bbox 377 2867 484 2939; x_wconf 85' lang='lat' dir='ltr'>politus.</span> <span class='ocrx_word' id='word_1_384' title='bbox 499 2866 548 2924; x_wconf 83' lang='lat' dir='ltr'>Cui</span> <span class='ocrx_word' id='word_1_385' title='bbox 564 2878 653 2925; x_wconf 88' lang='lat' dir='ltr'>autem</span> <span class='ocrx_word' id='word_1_386' title='bbox 664 2883 789 2938; x_wconf 84' lang='lat' dir='ltr'>uunquam</span> <span class='ocrx_word' id='word_1_387' title='bbox 804 2864 1070 2940; x_wconf 68' lang='lat' dir='ltr'>probabitur.‘dnni·</span> <span class='ocrx_word' id='word_1_388' title='bbox 1158 2867 1226 2937; x_wconf 82' lang='lat' dir='ltr'>Quid</span> <span class='ocrx_word' id='word_1_389' title='bbox 1243 2869 1276 2925; x_wconf 89' lang='lat' dir='ltr'>ad</span> <span class='ocrx_word' id='word_1_390' title='bbox 1295 2868 1365 2925; x_wconf 88' lang='lat' dir='ltr'>bane</span> <span class='ocrx_word' id='word_1_391' title='bbox 1376 2868 1546 2925; x_wconf 88' lang='lat' dir='ltr'>ethnicorum</span> <span class='ocrx_word' id='word_1_392' title='bbox 1564 2867 1823 2941; x_wconf 73' lang='lat' dir='ltr'>argumentationem</span> <span class='ocrx_word' id='word_1_393' title='bbox 1835 2871 1927 2924; x_wconf 77' lang='lat' dir='ltr'>bnau-</span> 
     </span>
     <span class='ocr_line' id='line_1_31' title="bbox 274 2959 1926 3032; baseline -0.001 -16"><span class='ocrx_word' id='word_1_394' title='bbox 274 2959 374 3029; x_wconf 91' lang='lat' dir='ltr'>balern,</span> <span class='ocrx_word' id='word_1_395' title='bbox 389 2962 502 3032; x_wconf 89' lang='lat' dir='ltr'>subque</span> <span class='ocrx_word' id='word_1_396' title='bbox 512 2959 633 3018; x_wconf 83' lang='lat' dir='ltr'>Romana</span> <span class='ocrx_word' id='word_1_397' title='bbox 646 2959 796 3032; x_wconf 82' lang='lat' dir='ltr'>respublica</span> <span class='ocrx_word' id='word_1_398' title='bbox 813 2960 1005 3015; x_wconf 90' lang='lat' dir='ltr'>tamdiusortis</span> <span class='ocrx_word' id='word_1_399' title='bbox 1015 2974 1071 3015; x_wconf 80' lang='lat' dir='ltr'>sum</span> <span class='ocrx_word' id='word_1_400' title='bbox 1122 2961 1184 3018; x_wconf 90' lang='lat' dir='ltr'>blus</span> <span class='ocrx_word' id='word_1_401' title='bbox 1202 2960 1381 3031; x_wconf 87' lang='lat' dir='ltr'>responderit,</span> <span class='ocrx_word' id='word_1_402' title='bbox 1398 2959 1464 3016; x_wconf 86' lang='lat' dir='ltr'>nihil</span> <span class='ocrx_word' id='word_1_403' title='bbox 1482 2961 1563 3031; x_wconf 89' lang='lat' dir='ltr'>plane</span> <span class='ocrx_word' id='word_1_404' title='bbox 1583 2974 1671 3030; x_wconf 88' lang='lat' dir='ltr'>neque</span> <span class='ocrx_word' id='word_1_405' title='bbox 1691 2959 1720 3016; x_wconf 88' lang='lat' dir='ltr'>iu</span> <span class='ocrx_word' id='word_1_406' title='bbox 1741 2960 1926 3029; x_wconf 86' lang='lat' dir='ltr'>manuscripto</span> 
     </span>
     <span class='ocr_line' id='line_1_32' title="bbox 273 3050 1927 3127; baseline -0.001 -19"><span class='ocrx_word' id='word_1_407' title='bbox 273 3052 354 3109; x_wconf 91' lang='lat' dir='ltr'>dubia</span> <span class='ocrx_word' id='word_1_408' title='bbox 367 3053 541 3120; x_wconf 90' lang='lat' dir='ltr'>contremuit,</span> <span class='ocrx_word' id='word_1_409' title='bbox 554 3067 588 3109; x_wconf 91' lang='lat' dir='ltr'>eo</span> <span class='ocrx_word' id='word_1_410' title='bbox 602 3052 691 3126; x_wconf 89' lang='lat' dir='ltr'>lapide</span> <span class='ocrx_word' id='word_1_411' title='bbox 716 3061 864 3125; x_wconf 89' lang='lat' dir='ltr'>asportate,</span> <span class='ocrx_word' id='word_1_412' title='bbox 880 3052 979 3107; x_wconf 88' lang='lat' dir='ltr'>lactum</span> <span class='ocrx_word' id='word_1_413' title='bbox 997 3050 1071 3106; x_wconf 89' lang='lat' dir='ltr'>illico</span> <span class='ocrx_word' id='word_1_414' title='bbox 1124 3055 1254 3112; x_wconf 89' lang='lat' dir='ltr'>librorum</span> <span class='ocrx_word' id='word_1_415' title='bbox 1279 3055 1338 3127; x_wconf 82' lang='lat' dir='ltr'>ejus</span> <span class='ocrx_word' id='word_1_416' title='bbox 1359 3054 1453 3112; x_wconf 91' lang='lat' dir='ltr'>codice</span> <span class='ocrx_word' id='word_1_417' title='bbox 1476 3055 1562 3127; x_wconf 85' lang='lat' dir='ltr'>regio,</span> <span class='ocrx_word' id='word_1_418' title='bbox 1586 3068 1674 3127; x_wconf 89' lang='lat' dir='ltr'>neque</span> <span class='ocrx_word' id='word_1_419' title='bbox 1697 3057 1725 3109; x_wconf 89' lang='lat' dir='ltr'>in</span> <span class='ocrx_word' id='word_1_420' title='bbox 1744 3051 1798 3108; x_wconf 89' lang='lat' dir='ltr'>nlla</span> <span class='ocrx_word' id='word_1_421' title='bbox 1818 3052 1927 3109; x_wconf 90' lang='lat' dir='ltr'>illorum</span> 
     </span>
     <span class='ocr_line' id='line_1_33' title="bbox 274 3135 1928 3221; baseline 0.004 -19"><span class='ocrx_word' id='word_1_422' title='bbox 274 3145 326 3202; x_wconf 87' lang='lat' dir='ltr'>sibi</span> <span class='ocrx_word' id='word_1_423' title='bbox 338 3159 449 3217; x_wconf 89' lang='lat' dir='ltr'>prorsus</span> <span class='ocrx_word' id='word_1_424' title='bbox 458 3145 625 3212; x_wconf 88' lang='lat' dir='ltr'>dissimilem,</span> <span class='ocrx_word' id='word_1_425' title='bbox 639 3146 674 3201; x_wconf 90' lang='lat' dir='ltr'>ab</span> <span class='ocrx_word' id='word_1_426' title='bbox 688 3144 762 3201; x_wconf 88' lang='lat' dir='ltr'>ltalia</span> <span class='ocrx_word' id='word_1_427' title='bbox 773 3145 882 3216; x_wconf 87' lang='lat' dir='ltr'>pulsum</span> <span class='ocrx_word' id='word_1_428' title='bbox 894 3155 922 3201; x_wconf 91' lang='lat' dir='ltr'>et</span> <span class='ocrx_word' id='word_1_429' title='bbox 934 3135 1072 3216; x_wconf 78' lang='lat' dir='ltr'>legatum?</span> <span class='ocrx_word' id='word_1_430' title='bbox 1086 3146 1109 3211; x_wconf 83' lang='lat' dir='ltr'>c</span> <span class='ocrx_word' id='word_1_431' title='bbox 1124 3149 1255 3218; x_wconf 71' lang='lat' dir='ltr'>editions,</span> <span class='ocrx_word' id='word_1_432' title='bbox 1267 3161 1327 3206; x_wconf 74' lang='lat' dir='ltr'>¹aut</span> <span class='ocrx_word' id='word_1_433' title='bbox 1348 3150 1411 3208; x_wconf 84' lang='lat' dir='ltr'>alibi</span> <span class='ocrx_word' id='word_1_434' title='bbox 1440 3150 1547 3221; x_wconf 86' lang='lat' dir='ltr'>legitur.</span> <span class='ocrx_word' id='word_1_435' title='bbox 1570 3149 1785 3221; x_wconf 81' lang='lat' dir='ltr'>Suspicabumur</span> <span class='ocrx_word' id='word_1_436' title='bbox 1808 3147 1928 3205; x_wconf 65' lang='lat' dir='ltr'>insusse</span> 
     </span>
    </p>
   </div>
   <div class='ocr_carea' id='block_1_9' title="bbox 153 3238 1928 3313">
    <p class='ocr_par' dir='ltr' id='par_1_11' title="bbox 153 3238 1928 3313">
     <span class='ocr_line' id='line_1_34' title="bbox 153 3238 1928 3313; baseline -0.001 -15"><span class='ocrx_word' id='word_1_437' title='bbox 153 3259 163 3284; x_wconf 65' lang='grc' dir='ltr'><em>ν</em></span> <span class='ocrx_word' id='word_1_438' title='bbox 273 3239 410 3309; x_wconf 80' lang='lat' dir='ltr'>Numquid</span> <span class='ocrx_word' id='word_1_439' title='bbox 419 3238 555 3296; x_wconf 85' lang='lat' dir='ltr'>tuncnihil</span> <span class='ocrx_word' id='word_1_440' title='bbox 564 3239 826 3306; x_wconf 85' lang='lat' dir='ltr'>bumanisconsiliis,</span> <span class='ocrx_word' id='word_1_441' title='bbox 835 3238 900 3294; x_wconf 90' lang='lat' dir='ltr'>nibil</span> <span class='ocrx_word' id='word_1_442' title='bbox 909 3240 1072 3309; x_wconf 78' lang='lat' dir='ltr'>prestantis·</span> <span class='ocrx_word' id='word_1_443' title='bbox 1124 3243 1247 3300; x_wconf 92' lang='lat' dir='ltr'>nonnulli</span> <span class='ocrx_word' id='word_1_444' title='bbox 1268 3242 1320 3299; x_wconf 91' lang='lat' dir='ltr'>boc</span> <span class='ocrx_word' id='word_1_445' title='bbox 1340 3244 1375 3300; x_wconf 92' lang='lat' dir='ltr'>ab</span> <span class='ocrx_word' id='word_1_446' title='bbox 1394 3243 1441 3300; x_wconf 91' lang='lat' dir='ltr'>illo</span> <span class='ocrx_word' id='word_1_447' title='bbox 1460 3243 1580 3313; x_wconf 84' lang='lat' dir='ltr'>potuisse</span> <span class='ocrx_word' id='word_1_448' title='bbox 1599 3242 1781 3313; x_wconf 62' lang='lat' dir='ltr'>praemunitam</span> <span class='ocrx_word' id='word_1_449' title='bbox 1796 3242 1928 3313; x_wconf 86' lang='lat' dir='ltr'>quoniam</span> 
     </span>
    </p>
   </div>
   <div class='ocr_carea' id='block_1_10' title="bbox 274 3331 1935 5844">
    <p class='ocr_par' dir='ltr' id='par_1_12' title="bbox 274 3331 1935 5844">
     <span class='ocr_line' id='line_1_35' title="bbox 277 3331 1929 3410; baseline 0.001 -22"><span class='ocrx_word' id='word_1_450' title='bbox 277 3332 407 3388; x_wconf 88' lang='lat' dir='ltr'>simorum</span> <span class='ocrx_word' id='word_1_451' title='bbox 423 3331 532 3390; x_wconf 87' lang='lat' dir='ltr'>militari</span> <span class='ocrx_word' id='word_1_452' title='bbox 547 3332 644 3389; x_wconf 85' lang='lat' dir='ltr'>uirtute</span> <span class='ocrx_word' id='word_1_453' title='bbox 658 3332 843 3399; x_wconf 89' lang='lat' dir='ltr'>ducum,nibil</span> <span class='ocrx_word' id='word_1_454' title='bbox 856 3332 1072 3405; x_wconf 80' lang='lat' dir='ltr'>utagnoexerci·</span> <span class='ocrx_word' id='word_1_455' title='bbox 1124 3337 1184 3393; x_wconf 89' lang='lat' dir='ltr'>aliis</span> <span class='ocrx_word' id='word_1_456' title='bbox 1201 3337 1236 3394; x_wconf 93' lang='lat' dir='ltr'>ad</span> <span class='ocrx_word' id='word_1_457' title='bbox 1253 3337 1375 3410; x_wconf 89' lang='lat' dir='ltr'>superius</span> <span class='ocrx_word' id='word_1_458' title='bbox 1389 3338 1494 3408; x_wconf 83' lang='lat' dir='ltr'>objecta</span> <span class='ocrx_word' id='word_1_459' title='bbox 1507 3338 1644 3408; x_wconf 85' lang='lat' dir='ltr'>respunsis</span> <span class='ocrx_word' id='word_1_460' title='bbox 1659 3335 1710 3393; x_wconf 92' lang='lat' dir='ltr'>boc</span> <span class='ocrx_word' id='word_1_461' title='bbox 1724 3336 1790 3393; x_wconf 73' lang='lat' dir='ltr'>saba</span> <span class='ocrx_word' id='word_1_462' title='bbox 1802 3335 1929 3393; x_wconf 85' lang='lat' dir='ltr'>cotrluta·</span> 
     </span>
     <span class='ocr_line' id='line_1_36' title="bbox 278 3423 1928 3506; baseline -0.001 -26"><span class='ocrx_word' id='word_1_463' title='bbox 278 3440 352 3481; x_wconf 83' lang='lat' dir='ltr'>ruunt</span> <span class='ocrx_word' id='word_1_464' title='bbox 364 3423 558 3483; x_wconf 87' lang='lat' dir='ltr'>roboreactum</span> <span class='ocrx_word' id='word_1_465' title='bbox 569 3424 772 3497; x_wconf 85' lang='lat' dir='ltr'>estiNumquid</span> <span class='ocrx_word' id='word_1_466' title='bbox 783 3425 921 3482; x_wconf 89' lang='lat' dir='ltr'>etiamille</span> <span class='ocrx_word' id='word_1_467' title='bbox 935 3424 1014 3498; x_wconf 86' lang='lat' dir='ltr'>lapis,</span> <span class='ocrx_word' id='word_1_468' title='bbox 1026 3424 1071 3496; x_wconf 92' lang='lat' dir='ltr'>qui</span> <span class='ocrx_word' id='word_1_469' title='bbox 1126 3445 1181 3491; x_wconf 73' lang='lat' dir='ltr'>gum</span> <span class='ocrx_word' id='word_1_470' title='bbox 1198 3433 1295 3491; x_wconf 58' lang='lat' dir='ltr'>suppar,</span> <span class='ocrx_word' id='word_1_471' title='bbox 1313 3435 1367 3491; x_wconf 63' lang='lat' dir='ltr'>seq</span> <span class='ocrx_word' id='word_1_472' title='bbox 1380 3438 1442 3506; x_wconf 63' lang='lat' dir='ltr'>quta</span> <span class='ocrx_word' id='word_1_473' title='bbox 1454 3435 1510 3504; x_wconf 62' lang='lat' dir='ltr'>jam</span> <span class='ocrx_word' id='word_1_474' title='bbox 1528 3434 1714 3491; x_wconf 58' lang='lat' dir='ltr'>annotavimus</span> <span class='ocrx_word' id='word_1_475' title='bbox 1732 3433 1771 3489; x_wconf 73' lang='lat' dir='ltr'>ihi</span> <span class='ocrx_word' id='word_1_476' title='bbox 1788 3431 1928 3501; x_wconf 53' lang='lat' dir='ltr'>immn-</span> 
     </span>
     <span class='ocr_line' id='line_1_37' title="bbox 276 3518 1927 3599; baseline -0.001 -24"><span class='ocrx_word' id='word_1_477' title='bbox 276 3535 310 3575; x_wconf 87' lang='lat' dir='ltr'>ao</span> <span class='ocrx_word' id='word_1_478' title='bbox 325 3534 378 3575; x_wconf 86' lang='lat' dir='ltr'>uno</span> <span class='ocrx_word' id='word_1_479' title='bbox 391 3518 502 3577; x_wconf 90' lang='lat' dir='ltr'>ltominc</span> <span class='ocrx_word' id='word_1_480' title='bbox 516 3520 617 3593; x_wconf 90' lang='lat' dir='ltr'>portari</span> <span class='ocrx_word' id='word_1_481' title='bbox 631 3518 709 3577; x_wconf 89' lang='lat' dir='ltr'>lacile</span> <span class='ocrx_word' id='word_1_482' title='bbox 727 3529 844 3591; x_wconf 90' lang='lat' dir='ltr'>poterat,</span> <span class='ocrx_word' id='word_1_483' title='bbox 862 3520 937 3576; x_wconf 82' lang='lat' dir='ltr'>auxit</span> <span class='ocrx_word' id='word_1_484' title='bbox 958 3519 1074 3576; x_wconf 86' lang='lat' dir='ltr'>Romani</span> <span class='ocrx_word' id='word_1_485' title='bbox 1127 3535 1183 3583; x_wconf 76' lang='lat' dir='ltr'>turn</span> <span class='ocrx_word' id='word_1_486' title='bbox 1202 3527 1237 3583; x_wconf 71' lang='lat' dir='ltr'>at)</span> <span class='ocrx_word' id='word_1_487' title='bbox 1256 3527 1388 3584; x_wconf 64' lang='lat' dir='ltr'>oscitante</span> <span class='ocrx_word' id='word_1_488' title='bbox 1407 3527 1518 3584; x_wconf 70' lang='lat' dir='ltr'>librarlo</span> <span class='ocrx_word' id='word_1_489' title='bbox 1537 3534 1703 3599; x_wconf 52' lang='lat' dir='ltr'>praepostere</span> <span class='ocrx_word' id='word_1_490' title='bbox 1722 3524 1927 3595; x_wconf 77' lang='lat' dir='ltr'>transpositum,</span> 
     </span>
     <span class='ocr_line' id='line_1_38' title="bbox 274 3613 1929 3693; baseline -0.007 -24"><span class='ocrx_word' id='word_1_491' title='bbox 274 3613 420 3681; x_wconf 82' lang='lat' dir='ltr'>exereitus,</span> <span class='ocrx_word' id='word_1_492' title='bbox 447 3623 475 3669; x_wconf 93' lang='lat' dir='ltr'>et</span> <span class='ocrx_word' id='word_1_493' title='bbox 495 3613 574 3686; x_wconf 91' lang='lat' dir='ltr'>lregit</span> <span class='ocrx_word' id='word_1_494' title='bbox 594 3629 626 3670; x_wconf 89' lang='lat' dir='ltr'>ae</span> <span class='ocrx_word' id='word_1_495' title='bbox 645 3613 796 3670; x_wconf 87' lang='lat' dir='ltr'>debiliturit</span> <span class='ocrx_word' id='word_1_496' title='bbox 825 3613 966 3670; x_wconf 75' lang='lat' dir='ltr'>Annibalis</span> <span class='ocrx_word' id='word_1_497' title='bbox 991 3614 1072 3680; x_wconf 86' lang='lat' dir='ltr'>vires,</span> <span class='ocrx_word' id='word_1_498' title='bbox 1127 3620 1191 3676; x_wconf 69' lang='lat' dir='ltr'>trine</span> <span class='ocrx_word' id='word_1_499' title='bbox 1211 3619 1300 3691; x_wconf 64' lang='lat' dir='ltr'>corrigi</span> <span class='ocrx_word' id='word_1_500' title='bbox 1321 3627 1412 3693; x_wconf 64' lang='lat' dir='ltr'>potest</span> <span class='ocrx_word' id='word_1_501' title='bbox 1429 3619 1580 3676; x_wconf 60' lang='lat' dir='ltr'>Amorgum</span> <span class='ocrx_word' id='word_1_502' title='bbox 1601 3619 1665 3676; x_wconf 62' lang='lat' dir='ltr'>purg</span> <span class='ocrx_word' id='word_1_503' title='bbox 1685 3616 1824 3690; x_wconf 54' lang='lat' dir='ltr'>muttum</span> <span class='ocrx_word' id='word_1_504' title='bbox 1844 3631 1929 3687; x_wconf 58' lang='lat' dir='ltr'>argu.</span> 
     </span>
     <span class='ocr_line' id='line_1_39' title="bbox 274 3706 1929 3785; baseline 0.001 -20"><span class='ocrx_word' id='word_1_505' title='bbox 274 3722 390 3780; x_wconf 89' lang='lat' dir='ltr'>eumque</span> <span class='ocrx_word' id='word_1_506' title='bbox 402 3706 514 3774; x_wconf 84' lang='lat' dir='ltr'>rictum,</span> <span class='ocrx_word' id='word_1_507' title='bbox 526 3717 554 3764; x_wconf 90' lang='lat' dir='ltr'>et</span> <span class='ocrx_word' id='word_1_508' title='bbox 567 3707 703 3764; x_wconf 82' lang='lat' dir='ltr'>Romanos</span> <span class='ocrx_word' id='word_1_509' title='bbox 724 3707 842 3764; x_wconf 78' lang='lat' dir='ltr'>uictores</span> <span class='ocrx_word' id='word_1_510' title='bbox 865 3706 998 3764; x_wconf 77' lang='lat' dir='ltr'>reddidit?</span> <span class='ocrx_word' id='word_1_511' title='bbox 1023 3706 1074 3762; x_wconf 80' lang='lat' dir='ltr'>Cui</span> <span class='ocrx_word' id='word_1_512' title='bbox 1125 3723 1228 3782; x_wconf 68' lang='lat' dir='ltr'>mento,</span> <span class='ocrx_word' id='word_1_513' title='bbox 1250 3714 1320 3770; x_wconf 77' lang='lat' dir='ltr'>sicut</span> <span class='ocrx_word' id='word_1_514' title='bbox 1335 3723 1364 3770; x_wconf 81' lang='lat' dir='ltr'>st</span> <span class='ocrx_word' id='word_1_515' title='bbox 1382 3713 1442 3769; x_wconf 87' lang='lat' dir='ltr'>aliis</span> <span class='ocrx_word' id='word_1_516' title='bbox 1460 3713 1609 3785; x_wconf 86' lang='lat' dir='ltr'>sigillatim,</span> <span class='ocrx_word' id='word_1_517' title='bbox 1626 3711 1812 3781; x_wconf 83' lang='lat' dir='ltr'>respondisse,</span> <span class='ocrx_word' id='word_1_518' title='bbox 1830 3709 1879 3766; x_wconf 84' lang='lat' dir='ltr'>sed</span> <span class='ocrx_word' id='word_1_519' title='bbox 1896 3723 1929 3763; x_wconf 80' lang='lat' dir='ltr'>ea</span> 
     </span>
     <span class='ocr_line' id='line_1_40' title="bbox 278 3798 1929 3878; baseline 0.001 -22"><span class='ocrx_word' id='word_1_520' title='bbox 278 3800 385 3858; x_wconf 85' lang='lat' dir='ltr'>tandem</span> <span class='ocrx_word' id='word_1_521' title='bbox 404 3800 481 3857; x_wconf 86' lang='lat' dir='ltr'>laeile</span> <span class='ocrx_word' id='word_1_522' title='bbox 500 3801 673 3872; x_wconf 86' lang='lat' dir='ltr'>persuadebis</span> <span class='ocrx_word' id='word_1_523' title='bbox 697 3802 725 3857; x_wconf 90' lang='lat' dir='ltr'>in</span> <span class='ocrx_word' id='word_1_524' title='bbox 752 3801 906 3872; x_wconf 76' lang='lat' dir='ltr'>uniusmodi</span> <span class='ocrx_word' id='word_1_525' title='bbox 916 3799 1004 3871; x_wconf 86' lang='lat' dir='ltr'>lapide</span> <span class='ocrx_word' id='word_1_526' title='bbox 1019 3798 1075 3855; x_wconf 86' lang='lat' dir='ltr'>lla·</span> <span class='ocrx_word' id='word_1_527' title='bbox 1125 3805 1216 3861; x_wconf 88' lang='lat' dir='ltr'>omnia</span> <span class='ocrx_word' id='word_1_528' title='bbox 1234 3805 1268 3863; x_wconf 91' lang='lat' dir='ltr'>de</span> <span class='ocrx_word' id='word_1_529' title='bbox 1288 3805 1378 3862; x_wconf 91' lang='lat' dir='ltr'>medio</span> <span class='ocrx_word' id='word_1_530' title='bbox 1398 3806 1514 3874; x_wconf 89' lang='lat' dir='ltr'>sublata,</span> <span class='ocrx_word' id='word_1_531' title='bbox 1535 3822 1596 3878; x_wconf 78' lang='lat' dir='ltr'>que</span> <span class='ocrx_word' id='word_1_532' title='bbox 1613 3807 1647 3862; x_wconf 88' lang='lat' dir='ltr'>ab</span> <span class='ocrx_word' id='word_1_533' title='bbox 1665 3805 1714 3861; x_wconf 88' lang='lat' dir='ltr'>illo</span> <span class='ocrx_word' id='word_1_534' title='bbox 1734 3802 1850 3860; x_wconf 84' lang='lat' dir='ltr'>basciu</span> <span class='ocrx_word' id='word_1_535' title='bbox 1868 3816 1929 3858; x_wconf 87' lang='lat' dir='ltr'>rem</span> 
     </span>
     <span class='ocr_line' id='line_1_41' title="bbox 275 3890 1926 3969; baseline -0.002 -16"><span class='ocrx_word' id='word_1_536' title='bbox 275 3905 344 3953; x_wconf 88' lang='lat' dir='ltr'>trem</span> <span class='ocrx_word' id='word_1_537' title='bbox 363 3894 443 3952; x_wconf 90' lang='lat' dir='ltr'>deum</span> <span class='ocrx_word' id='word_1_538' title='bbox 459 3909 553 3951; x_wconf 85' lang='lat' dir='ltr'>rercra</span> <span class='ocrx_word' id='word_1_539' title='bbox 567 3894 661 3961; x_wconf 89' lang='lat' dir='ltr'>luisse;</span> <span class='ocrx_word' id='word_1_540' title='bbox 673 3902 720 3950; x_wconf 88' lang='lat' dir='ltr'>aut</span> <span class='ocrx_word' id='word_1_541' title='bbox 729 3909 830 3950; x_wconf 89' lang='lat' dir='ltr'>numen</span> <span class='ocrx_word' id='word_1_542' title='bbox 842 3893 951 3965; x_wconf 85' lang='lat' dir='ltr'>aliquod</span> <span class='ocrx_word' id='word_1_543' title='bbox 961 3892 988 3949; x_wconf 90' lang='lat' dir='ltr'>in</span> <span class='ocrx_word' id='word_1_544' title='bbox 1002 3890 1075 3948; x_wconf 88' lang='lat' dir='ltr'>illius</span> <span class='ocrx_word' id='word_1_545' title='bbox 1126 3897 1227 3967; x_wconf 89' lang='lat' dir='ltr'>scripta</span> <span class='ocrx_word' id='word_1_546' title='bbox 1238 3896 1355 3953; x_wconf 87' lang='lat' dir='ltr'>lucrant.</span> <span class='ocrx_word' id='word_1_547' title='bbox 1373 3896 1472 3954; x_wconf 84' lang='lat' dir='ltr'>ilerum</span> <span class='ocrx_word' id='word_1_548' title='bbox 1486 3897 1678 3969; x_wconf 64' lang='lat' dir='ltr'>illarumque</span> <span class='ocrx_word' id='word_1_549' title='bbox 1691 3898 1736 3962; x_wconf 86' lang='lat' dir='ltr'>sit,</span> <span class='ocrx_word' id='word_1_550' title='bbox 1748 3898 1880 3969; x_wconf 81' lang='lat' dir='ltr'>jacturam</span> <span class='ocrx_word' id='word_1_551' title='bbox 1891 3909 1926 3950; x_wconf 84' lang='lat' dir='ltr'>eu</span> 
     </span>
     <span class='ocr_line' id='line_1_42' title="bbox 274 3978 1929 4064; baseline 0.001 -20"><span class='ocrx_word' id='word_1_552' title='bbox 274 3987 411 4045; x_wconf 84' lang='lat' dir='ltr'>habitasse</span> <span class='ocrx_word' id='word_1_553' title='bbox 429 3989 516 4056; x_wconf 83' lang='lat' dir='ltr'>verris,</span> <span class='ocrx_word' id='word_1_554' title='bbox 538 3986 631 4046; x_wconf 81' lang='lat' dir='ltr'>inustis</span> <span class='ocrx_word' id='word_1_555' title='bbox 642 4003 675 4045; x_wconf 89' lang='lat' dir='ltr'>ac</span> <span class='ocrx_word' id='word_1_556' title='bbox 684 3986 862 4061; x_wconf 73' lang='lat' dir='ltr'>fragmentis?</span> <span class='ocrx_word' id='word_1_557' title='bbox 1126 3990 1233 4046; x_wconf 88' lang='lat' dir='ltr'>abunde</span> <span class='ocrx_word' id='word_1_558' title='bbox 1253 3978 1400 4062; x_wconf 59' lang='lat' dir='ltr'>supplent,</span> <span class='ocrx_word' id='word_1_559' title='bbox 1413 4007 1473 4064; x_wconf 78' lang='lat' dir='ltr'>qum</span> <span class='ocrx_word' id='word_1_560' title='bbox 1492 4008 1526 4046; x_wconf 85' lang='lat' dir='ltr'>ex</span> <span class='ocrx_word' id='word_1_561' title='bbox 1545 3990 1606 4046; x_wconf 92' lang='lat' dir='ltr'>aliis</span> <span class='ocrx_word' id='word_1_562' title='bbox 1625 3990 1685 4062; x_wconf 83' lang='lat' dir='ltr'>ejus</span> <span class='ocrx_word' id='word_1_563' title='bbox 1705 3987 1929 4061; x_wconf 80' lang='lat' dir='ltr'>responsionibus</span> 
     </span>
     <span class='ocr_line' id='line_1_43' title="bbox 312 4078 1929 4154; baseline -0.001 -17"><span class='ocrx_word' id='word_1_564' title='bbox 312 4080 373 4151; x_wconf 77' lang='lat' dir='ltr'>Quo</span> <span class='ocrx_word' id='word_1_565' title='bbox 388 4096 454 4154; x_wconf 91' lang='lat' dir='ltr'>ergo</span> <span class='ocrx_word' id='word_1_566' title='bbox 468 4079 559 4148; x_wconf 89' lang='lat' dir='ltr'>modo,</span> <span class='ocrx_word' id='word_1_567' title='bbox 574 4081 732 4153; x_wconf 85' lang='lat' dir='ltr'>inquiebant</span> <span class='ocrx_word' id='word_1_568' title='bbox 745 4080 858 4147; x_wconf 86' lang='lat' dir='ltr'>ethnici,</span> <span class='ocrx_word' id='word_1_569' title='bbox 873 4080 989 4137; x_wconf 86' lang='lat' dir='ltr'>adventu</span> <span class='ocrx_word' id='word_1_570' title='bbox 1002 4078 1076 4138; x_wconf 85' lang='lat' dir='ltr'>illius</span> <span class='ocrx_word' id='word_1_571' title='bbox 1127 4080 1259 4139; x_wconf 88' lang='lat' dir='ltr'>hacteuus</span> <span class='ocrx_word' id='word_1_572' title='bbox 1270 4081 1431 4152; x_wconf 70' lang='lat' dir='ltr'>retulimus,</span> <span class='ocrx_word' id='word_1_573' title='bbox 1455 4092 1483 4138; x_wconf 87' lang='lat' dir='ltr'>et</span> <span class='ocrx_word' id='word_1_574' title='bbox 1504 4083 1531 4139; x_wconf 85' lang='lat' dir='ltr'>in</span> <span class='ocrx_word' id='word_1_575' title='bbox 1556 4082 1615 4153; x_wconf 74' lang='lat' dir='ltr'>eius</span> <span class='ocrx_word' id='word_1_576' title='bbox 1639 4082 1715 4139; x_wconf 89' lang='lat' dir='ltr'>libris</span> <span class='ocrx_word' id='word_1_577' title='bbox 1740 4081 1840 4153; x_wconf 85' lang='lat' dir='ltr'>integra</span> <span class='ocrx_word' id='word_1_578' title='bbox 1861 4094 1929 4152; x_wconf 91' lang='lat' dir='ltr'>por-</span> 
     </span>
     <span class='ocr_line' id='line_1_44' title="bbox 276 4175 1248 4248; baseline 0.001 -16"><span class='ocrx_word' id='word_1_579' title='bbox 276 4187 353 4248; x_wconf 92' lang='lat' dir='ltr'>parta</span> <span class='ocrx_word' id='word_1_580' title='bbox 374 4185 417 4233; x_wconf 89' lang='lat' dir='ltr'>est</span> <span class='ocrx_word' id='word_1_581' title='bbox 439 4175 560 4242; x_wconf 77' lang='lat' dir='ltr'>uictoria,</span> <span class='ocrx_word' id='word_1_582' title='bbox 585 4176 608 4231; x_wconf 91' lang='lat' dir='ltr'>si</span> <span class='ocrx_word' id='word_1_583' title='bbox 629 4175 732 4232; x_wconf 90' lang='lat' dir='ltr'>nullum</span> <span class='ocrx_word' id='word_1_584' title='bbox 754 4176 782 4231; x_wconf 90' lang='lat' dir='ltr'>in</span> <span class='ocrx_word' id='word_1_585' title='bbox 805 4192 838 4232; x_wconf 91' lang='lat' dir='ltr'>eo</span> <span class='ocrx_word' id='word_1_586' title='bbox 862 4176 952 4248; x_wconf 88' lang='lat' dir='ltr'>lapide</span> <span class='ocrx_word' id='word_1_587' title='bbox 975 4189 1076 4231; x_wconf 91' lang='lat' dir='ltr'>numen</span> <span class='ocrx_word' id='word_1_588' title='bbox 1127 4185 1248 4233; x_wconf 88' lang='lat' dir='ltr'>manent.</span> 
     </span>
     <span class='ocr_line' id='line_1_45' title="bbox 276 4267 1931 4342; baseline 0 -17"><span class='ocrx_word' id='word_1_589' title='bbox 276 4269 381 4325; x_wconf 87' lang='lat' dir='ltr'>ineruti</span> <span class='ocrx_word' id='word_1_590' title='bbox 404 4267 563 4339; x_wconf 61' lang='lat' dir='ltr'>Respondet</span> <span class='ocrx_word' id='word_1_591' title='bbox 590 4269 726 4326; x_wconf 68' lang='lat' dir='ltr'>arnobius</span> <span class='ocrx_word' id='word_1_592' title='bbox 749 4284 808 4325; x_wconf 90' lang='lat' dir='ltr'>eam</span> <span class='ocrx_word' id='word_1_593' title='bbox 837 4267 1006 4326; x_wconf 89' lang='lat' dir='ltr'>tribuendam</span> <span class='ocrx_word' id='word_1_594' title='bbox 1027 4284 1078 4339; x_wconf 93' lang='lat' dir='ltr'>pu·</span> <span class='ocrx_word' id='word_1_595' title='bbox 1163 4267 1192 4326; x_wconf 84' lang='lat' dir='ltr'>st</span> <span class='ocrx_word' id='word_1_596' title='bbox 1210 4268 1274 4341; x_wconf 93' lang='lat' dir='ltr'>quid</span> <span class='ocrx_word' id='word_1_597' title='bbox 1294 4279 1384 4327; x_wconf 83' lang='lat' dir='ltr'>minen</span> <span class='ocrx_word' id='word_1_598' title='bbox 1399 4269 1462 4327; x_wconf 90' lang='lat' dir='ltr'>buic</span> <span class='ocrx_word' id='word_1_599' title='bbox 1481 4270 1803 4342; x_wconf 88' lang='lat' dir='ltr'>argumentoreapondit,</span> <span class='ocrx_word' id='word_1_600' title='bbox 1816 4268 1931 4327; x_wconf 83' lang='lat' dir='ltr'>minime</span> 
     </span>
     <span class='ocr_line' id='line_1_46' title="bbox 275 4359 1931 4437; baseline 0.002 -23"><span class='ocrx_word' id='word_1_601' title='bbox 275 4374 415 4431; x_wconf 83' lang='lat' dir='ltr'>granatum</span> <span class='ocrx_word' id='word_1_602' title='bbox 437 4359 530 4416; x_wconf 86' lang='lat' dir='ltr'>virtuti</span> <span class='ocrx_word' id='word_1_603' title='bbox 547 4374 580 4416; x_wconf 89' lang='lat' dir='ltr'>ac</span> <span class='ocrx_word' id='word_1_604' title='bbox 596 4360 756 4427; x_wconf 77' lang='lat' dir='ltr'>fortitudini,</span> <span class='ocrx_word' id='word_1_605' title='bbox 771 4371 818 4416; x_wconf 90' lang='lat' dir='ltr'>aut</span> <span class='ocrx_word' id='word_1_606' title='bbox 832 4360 946 4416; x_wconf 80' lang='lat' dir='ltr'>lortunae</span> <span class='ocrx_word' id='word_1_607' title='bbox 961 4360 1077 4417; x_wconf 87' lang='lat' dir='ltr'>tnutabi·</span> <span class='ocrx_word' id='word_1_608' title='bbox 1128 4362 1281 4420; x_wconf 89' lang='lat' dir='ltr'>dubitamus</span> <span class='ocrx_word' id='word_1_609' title='bbox 1301 4364 1367 4421; x_wconf 90' lang='lat' dir='ltr'>illud</span> <span class='ocrx_word' id='word_1_610' title='bbox 1384 4363 1468 4421; x_wconf 86' lang='lat' dir='ltr'>luisse</span> <span class='ocrx_word' id='word_1_611' title='bbox 1480 4367 1661 4436; x_wconf 84' lang='lat' dir='ltr'>potissimum,</span> <span class='ocrx_word' id='word_1_612' title='bbox 1679 4363 1751 4437; x_wconf 93' lang='lat' dir='ltr'>quod</span> <span class='ocrx_word' id='word_1_613' title='bbox 1767 4362 1873 4432; x_wconf 86' lang='lat' dir='ltr'>Cicero,</span> <span class='ocrx_word' id='word_1_614' title='bbox 1892 4379 1931 4419; x_wconf 81' lang='lat' dir='ltr'>ex</span> 
     </span>
     <span class='ocr_line' id='line_1_47' title="bbox 276 4451 1930 4532; baseline 0.002 -24"><span class='ocrx_word' id='word_1_615' title='bbox 276 4451 345 4508; x_wconf 88' lang='lat' dir='ltr'>litati</span> <span class='ocrx_word' id='word_1_616' title='bbox 360 4463 389 4510; x_wconf 91' lang='lat' dir='ltr'>et</span> <span class='ocrx_word' id='word_1_617' title='bbox 401 4454 596 4510; x_wconf 83' lang='lat' dir='ltr'>inconstantia.</span> <span class='ocrx_word' id='word_1_618' title='bbox 611 4453 646 4509; x_wconf 83' lang='lat' dir='ltr'>Et</span> <span class='ocrx_word' id='word_1_619' title='bbox 663 4467 729 4510; x_wconf 87' lang='lat' dir='ltr'>tero</span> <span class='ocrx_word' id='word_1_620' title='bbox 748 4453 857 4509; x_wconf 90' lang='lat' dir='ltr'>ubinam</span> <span class='ocrx_word' id='word_1_621' title='bbox 871 4454 991 4525; x_wconf 90' lang='lat' dir='ltr'>gentium</span> <span class='ocrx_word' id='word_1_622' title='bbox 1012 4452 1078 4509; x_wconf 89' lang='lat' dir='ltr'>illud</span> <span class='ocrx_word' id='word_1_623' title='bbox 1128 4474 1182 4529; x_wconf 92' lang='lat' dir='ltr'>quc</span> <span class='ocrx_word' id='word_1_624' title='bbox 1202 4456 1292 4529; x_wconf 89' lang='lat' dir='ltr'>plura,</span> <span class='ocrx_word' id='word_1_625' title='bbox 1311 4468 1342 4514; x_wconf 89' lang='lat' dir='ltr'>ut</span> <span class='ocrx_word' id='word_1_626' title='bbox 1362 4473 1436 4532; x_wconf 74' lang='lat' dir='ltr'>saepe</span> <span class='ocrx_word' id='word_1_627' title='bbox 1451 4458 1581 4526; x_wconf 82' lang='lat' dir='ltr'>diximus,</span> <span class='ocrx_word' id='word_1_628' title='bbox 1604 4458 1779 4524; x_wconf 87' lang='lat' dir='ltr'>delibaverat,</span> <span class='ocrx_word' id='word_1_629' title='bbox 1799 4457 1930 4527; x_wconf 85' lang='lat' dir='ltr'>scriptum</span> 
     </span>
     <span class='ocr_line' id='line_1_48' title="bbox 277 4544 1932 4624; baseline 0.002 -22"><span class='ocrx_word' id='word_1_630' title='bbox 277 4548 414 4620; x_wconf 88' lang='lat' dir='ltr'>egregium</span> <span class='ocrx_word' id='word_1_631' title='bbox 429 4564 529 4605; x_wconf 91' lang='lat' dir='ltr'>numen</span> <span class='ocrx_word' id='word_1_632' title='bbox 542 4548 665 4620; x_wconf 83' lang='lat' dir='ltr'>degebrt,</span> <span class='ocrx_word' id='word_1_633' title='bbox 679 4562 741 4603; x_wconf 90' lang='lat' dir='ltr'>eum</span> <span class='ocrx_word' id='word_1_634' title='bbox 755 4548 836 4603; x_wconf 89' lang='lat' dir='ltr'>tantis</span> <span class='ocrx_word' id='word_1_635' title='bbox 848 4548 1012 4605; x_wconf 81' lang='lat' dir='ltr'>exercitibus</span> <span class='ocrx_word' id='word_1_636' title='bbox 1024 4562 1077 4603; x_wconf 77' lang='lat' dir='ltr'>cre·</span> <span class='ocrx_word' id='word_1_637' title='bbox 1090 4544 1118 4606; x_wconf 85' lang='lat' dir='ltr'>I)</span> <span class='ocrx_word' id='word_1_638' title='bbox 1129 4552 1248 4623; x_wconf 85' lang='lat' dir='ltr'>reliquit.</span> <span class='ocrx_word' id='word_1_639' title='bbox 1272 4553 1337 4609; x_wconf 84' lang='lat' dir='ltr'>Post</span> <span class='ocrx_word' id='word_1_640' title='bbox 1357 4552 1438 4609; x_wconf 85' lang='lat' dir='ltr'>allata</span> <span class='ocrx_word' id='word_1_641' title='bbox 1461 4551 1593 4624; x_wconf 87' lang='lat' dir='ltr'>siquidem</span> <span class='ocrx_word' id='word_1_642' title='bbox 1627 4567 1642 4606; x_wconf 88' lang='lat' dir='ltr'>a</span> <span class='ocrx_word' id='word_1_643' title='bbox 1662 4551 1742 4607; x_wconf 90' lang='lat' dir='ltr'>nobis</span> <span class='ocrx_word' id='word_1_644' title='bbox 1764 4549 1824 4619; x_wconf 77' lang='lat' dir='ltr'>eius</span> <span class='ocrx_word' id='word_1_645' title='bbox 1846 4547 1932 4604; x_wconf 72' lang='lat' dir='ltr'>tertia</span> 
     </span>
     <span class='ocr_line' id='line_1_49' title="bbox 277 4640 1929 4714; baseline -0.002 -14"><span class='ocrx_word' id='word_1_646' title='bbox 277 4643 325 4712; x_wconf 85' lang='lat' dir='ltr'>sis,</span> <span class='ocrx_word' id='word_1_647' title='bbox 340 4642 454 4699; x_wconf 79' lang='lat' dir='ltr'>Rotnani</span> <span class='ocrx_word' id='word_1_648' title='bbox 466 4643 494 4698; x_wconf 89' lang='lat' dir='ltr'>iu</span> <span class='ocrx_word' id='word_1_649' title='bbox 506 4656 642 4698; x_wconf 90' lang='lat' dir='ltr'>summum</span> <span class='ocrx_word' id='word_1_650' title='bbox 658 4640 806 4713; x_wconf 85' lang='lat' dir='ltr'>periculum</span> <span class='ocrx_word' id='word_1_651' title='bbox 822 4641 971 4696; x_wconf 82' lang='lat' dir='ltr'>venerunt?</span> <span class='ocrx_word' id='word_1_652' title='bbox 1130 4644 1300 4702; x_wconf 80' lang='lat' dir='ltr'>continenter</span> <span class='ocrx_word' id='word_1_653' title='bbox 1321 4644 1443 4714; x_wconf 71' lang='lat' dir='ltr'>adiecit:</span> <span class='ocrx_word' id='word_1_654' title='bbox 1465 4666 1475 4698; x_wconf 82' lang='lat' dir='ltr'>r</span> <span class='ocrx_word' id='word_1_655' title='bbox 1493 4645 1528 4701; x_wconf 82' lang='grc' dir='ltr'>Αι</span> <span class='ocrx_word' id='word_1_656' title='bbox 1547 4644 1625 4708; x_wconf 86' lang='lat' dir='ltr'>illud,</span> <span class='ocrx_word' id='word_1_657' title='bbox 1647 4643 1722 4700; x_wconf 78' lang='lat' dir='ltr'>iouis</span> <span class='ocrx_word' id='word_1_658' title='bbox 1742 4642 1929 4708; x_wconf 86' lang='lat' dir='ltr'>simulacrum,</span> 
     </span>
     <span class='ocr_line' id='line_1_50' title="bbox 315 4733 1931 4808; baseline -0.002 -14"><span class='ocrx_word' id='word_1_659' title='bbox 315 4737 343 4794; x_wconf 85' lang='lat' dir='ltr'>si</span> <span class='ocrx_word' id='word_1_660' title='bbox 367 4737 426 4808; x_wconf 82' lang='lat' dir='ltr'>quis</span> <span class='ocrx_word' id='word_1_661' title='bbox 448 4751 513 4792; x_wconf 88' lang='lat' dir='ltr'>rere</span> <span class='ocrx_word' id='word_1_662' title='bbox 536 4734 749 4806; x_wconf 76' lang='lat' dir='ltr'>reparaturum</span> <span class='ocrx_word' id='word_1_663' title='bbox 773 4734 884 4789; x_wconf 79' lang='lat' dir='ltr'>tlatrem</span> <span class='ocrx_word' id='word_1_664' title='bbox 910 4744 966 4789; x_wconf 90' lang='lat' dir='ltr'>tum</span> <span class='ocrx_word' id='word_1_665' title='bbox 989 4733 1076 4789; x_wconf 82' lang='lat' dir='ltr'>Roma</span> <span class='ocrx_word' id='word_1_666' title='bbox 1129 4740 1166 4794; x_wconf 88' lang='lat' dir='ltr'>tta</span> <span class='ocrx_word' id='word_1_667' title='bbox 1185 4738 1370 4796; x_wconf 83' lang='lat' dir='ltr'>collocandum</span> <span class='ocrx_word' id='word_1_668' title='bbox 1392 4738 1525 4795; x_wconf 82' lang='lat' dir='ltr'>Consules</span> <span class='ocrx_word' id='word_1_669' title='bbox 1544 4740 1581 4794; x_wconf 84' lang='lat' dir='ltr'>itti</span> <span class='ocrx_word' id='word_1_670' title='bbox 1598 4746 1751 4795; x_wconf 84' lang='lat' dir='ltr'>statrrerom</span> <span class='ocrx_word' id='word_1_671' title='bbox 1764 4755 1773 4791; x_wconf 77' lang='grc' dir='ltr'><strong>ε</strong></span> <span class='ocrx_word' id='word_1_672' title='bbox 1788 4736 1836 4793; x_wconf 81' lang='lat' dir='ltr'>sed</span> <span class='ocrx_word' id='word_1_673' title='bbox 1854 4744 1931 4791; x_wconf 79' lang='lat' dir='ltr'>unta</span> 
     </span>
     <span class='ocr_line' id='line_1_51' title="bbox 279 4828 1932 4905; baseline -0.001 -19"><span class='ocrx_word' id='word_1_674' title='bbox 279 4830 397 4887; x_wconf 83' lang='lat' dir='ltr'>abluisse</span> <span class='ocrx_word' id='word_1_675' title='bbox 410 4844 547 4902; x_wconf 87' lang='lat' dir='ltr'>perquam</span> <span class='ocrx_word' id='word_1_676' title='bbox 558 4828 728 4898; x_wconf 88' lang='lat' dir='ltr'>longissime;</span> <span class='ocrx_word' id='word_1_677' title='bbox 744 4828 778 4883; x_wconf 92' lang='lat' dir='ltr'>ab</span> <span class='ocrx_word' id='word_1_678' title='bbox 792 4828 912 4885; x_wconf 83' lang='lat' dir='ltr'>rlrnobiu</span> <span class='ocrx_word' id='word_1_679' title='bbox 925 4828 1015 4884; x_wconf 89' lang='lat' dir='ltr'>statim</span> <span class='ocrx_word' id='word_1_680' title='bbox 1030 4844 1077 4884; x_wconf 90' lang='lat' dir='ltr'>au·</span> <span class='ocrx_word' id='word_1_681' title='bbox 1130 4831 1180 4886; x_wconf 90' lang='lat' dir='ltr'>luit</span> <span class='ocrx_word' id='word_1_682' title='bbox 1194 4832 1284 4903; x_wconf 89' lang='lat' dir='ltr'>operis</span> <span class='ocrx_word' id='word_1_683' title='bbox 1305 4833 1432 4896; x_wconf 88' lang='lat' dir='ltr'>tarditas;</span> <span class='ocrx_word' id='word_1_684' title='bbox 1449 4841 1478 4887; x_wconf 92' lang='lat' dir='ltr'>ut</span> <span class='ocrx_word' id='word_1_685' title='bbox 1491 4848 1579 4905; x_wconf 90' lang='lat' dir='ltr'>neque</span> <span class='ocrx_word' id='word_1_686' title='bbox 1591 4848 1609 4888; x_wconf 91' lang='lat' dir='ltr'>a</span> <span class='ocrx_word' id='word_1_687' title='bbox 1622 4832 1809 4904; x_wconf 86' lang='lat' dir='ltr'>superioribus</span> <span class='ocrx_word' id='word_1_688' title='bbox 1820 4829 1932 4886; x_wconf 83' lang='lat' dir='ltr'>Genau-</span> 
     </span>
     <span class='ocr_line' id='line_1_52' title="bbox 280 4922 1934 4997; baseline 0.001 -19"><span class='ocrx_word' id='word_1_689' title='bbox 280 4922 337 4979; x_wconf 91' lang='lat' dir='ltr'>diet</span> <span class='ocrx_word' id='word_1_690' title='bbox 351 4923 469 4979; x_wconf 81' lang='lat' dir='ltr'>ditinum</span> <span class='ocrx_word' id='word_1_691' title='bbox 484 4937 584 4979; x_wconf 89' lang='lat' dir='ltr'>numen</span> <span class='ocrx_word' id='word_1_692' title='bbox 596 4922 696 4993; x_wconf 89' lang='lat' dir='ltr'>ubique</span> <span class='ocrx_word' id='word_1_693' title='bbox 710 4935 818 4993; x_wconf 87' lang='lat' dir='ltr'>semper</span> <span class='ocrx_word' id='word_1_694' title='bbox 830 4937 891 4979; x_wconf 79' lang='lat' dir='ltr'>esse</span> <span class='ocrx_word' id='word_1_695' title='bbox 906 4936 1036 4993; x_wconf 80' lang='lat' dir='ltr'>praesens,</span> <span class='ocrx_word' id='word_1_696' title='bbox 1052 4931 1080 4978; x_wconf 91' lang='lat' dir='ltr'>et</span> <span class='ocrx_word' id='word_1_697' title='bbox 1131 4924 1213 4993; x_wconf 88' lang='lat' dir='ltr'>libas,</span> <span class='ocrx_word' id='word_1_698' title='bbox 1228 4940 1342 4997; x_wconf 88' lang='lat' dir='ltr'>nequea</span> <span class='ocrx_word' id='word_1_699' title='bbox 1358 4927 1435 4982; x_wconf 87' lang='lat' dir='ltr'>nobis</span> <span class='ocrx_word' id='word_1_700' title='bbox 1447 4935 1510 4982; x_wconf 89' lang='lat' dir='ltr'>ante</span> <span class='ocrx_word' id='word_1_701' title='bbox 1524 4927 1684 4982; x_wconf 72' lang='lat' dir='ltr'>hodiernum</span> <span class='ocrx_word' id='word_1_702' title='bbox 1696 4924 1768 4982; x_wconf 90' lang='lat' dir='ltr'>diem</span> <span class='ocrx_word' id='word_1_703' title='bbox 1782 4923 1934 4980; x_wconf 87' lang='lat' dir='ltr'>collocare·</span> 
     </span>
     <span class='ocr_line' id='line_1_53' title="bbox 280 5012 1932 5094; baseline 0.001 -23"><span class='ocrx_word' id='word_1_704' title='bbox 280 5029 328 5071; x_wconf 91' lang='lat' dir='ltr'>sua</span> <span class='ocrx_word' id='word_1_705' title='bbox 349 5014 400 5071; x_wconf 89' lang='lat' dir='ltr'>sub</span> <span class='ocrx_word' id='word_1_706' title='bbox 425 5024 557 5086; x_wconf 86' lang='lat' dir='ltr'>potestate</span> <span class='ocrx_word' id='word_1_707' title='bbox 579 5015 668 5070; x_wconf 90' lang='lat' dir='ltr'>omnia</span> <span class='ocrx_word' id='word_1_708' title='bbox 692 5029 801 5085; x_wconf 84' lang='lat' dir='ltr'>semper</span> <span class='ocrx_word' id='word_1_709' title='bbox 820 5014 930 5071; x_wconf 87' lang='lat' dir='ltr'>babere.</span> <span class='ocrx_word' id='word_1_710' title='bbox 946 5012 1080 5070; x_wconf 81' lang='lat' dir='ltr'>Praeterea</span> <span class='ocrx_word' id='word_1_711' title='bbox 1134 5026 1187 5075; x_wconf 90' lang='lat' dir='ltr'>tur.</span> <span class='ocrx_word' id='word_1_712' title='bbox 1203 5038 1214 5073; x_wconf 83' lang='lat' dir='ltr'>r</span> <span class='ocrx_word' id='word_1_713' title='bbox 1230 5017 1327 5094; x_wconf 79' lang='lat' dir='ltr'>(liiii.)</span> <span class='ocrx_word' id='word_1_714' title='bbox 1347 5019 1444 5076; x_wconf 89' lang='lat' dir='ltr'>Nonne</span> <span class='ocrx_word' id='word_1_715' title='bbox 1461 5020 1533 5075; x_wconf 87' lang='lat' dir='ltr'>enim</span> <span class='ocrx_word' id='word_1_716' title='bbox 1552 5020 1595 5075; x_wconf 84' lang='lat' dir='ltr'>lris</span> <span class='ocrx_word' id='word_1_717' title='bbox 1614 5020 1657 5077; x_wconf 89' lang='lat' dir='ltr'>rel</span> <span class='ocrx_word' id='word_1_718' title='bbox 1675 5020 1740 5075; x_wconf 86' lang='lat' dir='ltr'>solis</span> <span class='ocrx_word' id='word_1_719' title='bbox 1760 5017 1852 5074; x_wconf 89' lang='lat' dir='ltr'>rerbis</span> <span class='ocrx_word' id='word_1_720' title='bbox 1873 5025 1932 5073; x_wconf 87' lang='lat' dir='ltr'>tota</span> 
     </span>
     <span class='ocr_line' id='line_1_54' title="bbox 281 5107 1933 5184; baseline -0.008 -5"><span class='ocrx_word' id='word_1_721' title='bbox 281 5125 339 5179; x_wconf 88' lang='lat' dir='ltr'>eur,</span> <span class='ocrx_word' id='word_1_722' title='bbox 356 5110 582 5178; x_wconf 66' lang='lat' dir='ltr'>0b³00¹0102l¹⁶³</span> <span class='ocrx_word' id='word_1_723' title='bbox 598 5111 655 5178; x_wconf 68' lang='lat'>¹¹¹²»</span> <span class='ocrx_word' id='word_1_724' title='bbox 668 5110 772 5180; x_wconf 88' lang='lat' dir='ltr'>priores</span> <span class='ocrx_word' id='word_1_725' title='bbox 786 5109 980 5165; x_wconf 64' lang='grc' dir='ltr'>5105111101θὸ</span> <span class='ocrx_word' id='word_1_726' title='bbox 994 5107 1079 5180; x_wconf 64' lang='grc' dir='ltr'>Ρῑὶῐι·</span> <span class='ocrx_word' id='word_1_727' title='bbox 1133 5114 1302 5172; x_wconf 84' lang='lat' dir='ltr'>etltnicerum</span> <span class='ocrx_word' id='word_1_728' title='bbox 1318 5115 1454 5171; x_wconf 82' lang='lat' dir='ltr'>leuissima</span> <span class='ocrx_word' id='word_1_729' title='bbox 1469 5113 1590 5184; x_wconf 83' lang='lat' dir='ltr'>prolecto</span> <span class='ocrx_word' id='word_1_730' title='bbox 1602 5113 1772 5170; x_wconf 88' lang='lat' dir='ltr'>ratiocinatio</span> <span class='ocrx_word' id='word_1_731' title='bbox 1786 5111 1866 5182; x_wconf 83' lang='lat' dir='ltr'>plane</span> <span class='ocrx_word' id='word_1_732' title='bbox 1880 5125 1933 5182; x_wconf 91' lang='lat' dir='ltr'>pe·</span> 
     </span>
     <span class='ocr_line' id='line_1_55' title="bbox 281 5193 1934 5278; baseline -0.001 -18"><span class='ocrx_word' id='word_1_733' title='bbox 281 5205 340 5274; x_wconf 85' lang='lat' dir='ltr'>glos</span> <span class='ocrx_word' id='word_1_734' title='bbox 360 5206 467 5277; x_wconf 90' lang='lat' dir='ltr'>penitus</span> <span class='ocrx_word' id='word_1_735' title='bbox 488 5205 625 5270; x_wconf 89' lang='lat' dir='ltr'>deseruit;</span> <span class='ocrx_word' id='word_1_736' title='bbox 648 5213 678 5260; x_wconf 92' lang='lat' dir='ltr'>ut</span> <span class='ocrx_word' id='word_1_737' title='bbox 699 5205 732 5259; x_wconf 88' lang='lat' dir='ltr'>ad</span> <span class='ocrx_word' id='word_1_738' title='bbox 753 5193 930 5276; x_wconf 87' lang='lat' dir='ltr'>potentiorem</span> <span class='ocrx_word' id='word_1_739' title='bbox 951 5203 1080 5275; x_wconf 89' lang='lat' dir='ltr'>populum</span> <span class='ocrx_word' id='word_1_740' title='bbox 1133 5205 1441 5278; x_wconf 83' lang='lat' dir='ltr'>nilusqueinllrmaturi</span> <span class='ocrx_word' id='word_1_741' title='bbox 1455 5202 1766 5261; x_wconf 86' lang='lat' dir='ltr'>NonneillaCousulum</span> <span class='ocrx_word' id='word_1_742' title='bbox 1779 5201 1934 5258; x_wconf 77' lang='lat' dir='ltr'>aliorumve</span> 
     </span>
     <span class='ocr_line' id='line_1_56' title="bbox 282 5297 1935 5373; baseline -0.002 -18"><span class='ocrx_word' id='word_1_743' title='bbox 282 5299 433 5359; x_wconf 83' lang='lat' dir='ltr'>Romanum</span> <span class='ocrx_word' id='word_1_744' title='bbox 448 5301 655 5373; x_wconf 73' lang='lat' dir='ltr'>commigraret?</span> <span class='ocrx_word' id='word_1_745' title='bbox 673 5299 746 5356; x_wconf 81' lang='lat' dir='ltr'>Talis</span> <span class='ocrx_word' id='word_1_746' title='bbox 763 5309 889 5372; x_wconf 77' lang='lat' dir='ltr'>mntaque</span> <span class='ocrx_word' id='word_1_747' title='bbox 910 5301 1003 5357; x_wconf 82' lang='lat' dir='ltr'>levitas</span> <span class='ocrx_word' id='word_1_748' title='bbox 1025 5299 1081 5356; x_wconf 85' lang='lat' dir='ltr'>beo</span> <span class='ocrx_word' id='word_1_749' title='bbox 1133 5301 1295 5372; x_wconf 82' lang='lat' dir='ltr'>negligentia</span> <span class='ocrx_word' id='word_1_750' title='bbox 1316 5299 1534 5358; x_wconf 88' lang='lat' dir='ltr'>marrilestissime</span> <span class='ocrx_word' id='word_1_751' title='bbox 1549 5300 1644 5371; x_wconf 88' lang='lat' dir='ltr'>probat</span> <span class='ocrx_word' id='word_1_752' title='bbox 1664 5309 1794 5371; x_wconf 92' lang='lat' dir='ltr'>quantum</span> <span class='ocrx_word' id='word_1_753' title='bbox 1811 5297 1935 5369; x_wconf 85' lang='lat' dir='ltr'>gentiles</span> 
     </span>
     <span class='ocr_line' id='line_1_57' title="bbox 284 5389 1925 5467; baseline -0.003 -17"><span class='ocrx_word' id='word_1_754' title='bbox 284 5407 337 5450; x_wconf 92' lang='lat' dir='ltr'>non</span> <span class='ocrx_word' id='word_1_755' title='bbox 353 5396 489 5467; x_wconf 90' lang='lat' dir='ltr'>competit.</span> <span class='ocrx_word' id='word_1_756' title='bbox 1135 5391 1308 5465; x_wconf 77' lang='lat' dir='ltr'>haruspicum</span> <span class='ocrx_word' id='word_1_757' title='bbox 1335 5394 1442 5450; x_wconf 90' lang='lat' dir='ltr'>oracula</span> <span class='ocrx_word' id='word_1_758' title='bbox 1465 5408 1498 5449; x_wconf 92' lang='lat' dir='ltr'>ac</span> <span class='ocrx_word' id='word_1_759' title='bbox 1522 5392 1724 5464; x_wconf 80' lang='lat' dir='ltr'>praedimiones,</span> <span class='ocrx_word' id='word_1_760' title='bbox 1750 5402 1831 5464; x_wconf 91' lang='lat' dir='ltr'>atque</span> <span class='ocrx_word' id='word_1_761' title='bbox 1857 5389 1925 5446; x_wconf 87' lang='lat' dir='ltr'>illud</span> 
     </span>
     <span class='ocr_line' id='line_1_58' title="bbox 319 5483 1620 5562; baseline -0.002 -17"><span class='ocrx_word' id='word_1_762' title='bbox 319 5487 375 5546; x_wconf 90' lang='lat' dir='ltr'>Nec</span> <span class='ocrx_word' id='word_1_763' title='bbox 397 5491 511 5547; x_wconf 84' lang='lat' dir='ltr'>Romani</span> <span class='ocrx_word' id='word_1_764' title='bbox 525 5483 691 5562; x_wconf 76' lang='lat' dir='ltr'>respondere</span> <span class='ocrx_word' id='word_1_765' title='bbox 704 5495 829 5559; x_wconf 88' lang='lat' dir='ltr'>poterant</span> <span class='ocrx_word' id='word_1_766' title='bbox 843 5487 904 5544; x_wconf 89' lang='lat' dir='ltr'>ideo</span> <span class='ocrx_word' id='word_1_767' title='bbox 918 5488 988 5544; x_wconf 88' lang='lat' dir='ltr'>bane</span> <span class='ocrx_word' id='word_1_768' title='bbox 1002 5487 1081 5544; x_wconf 89' lang='lat' dir='ltr'>deam</span> <span class='ocrx_word' id='word_1_769' title='bbox 1136 5483 1211 5541; x_wconf 82' lang='lat' dir='ltr'>ioris</span> <span class='ocrx_word' id='word_1_770' title='bbox 1224 5487 1398 5544; x_wconf 88' lang='lat' dir='ltr'>simulacrum</span> <span class='ocrx_word' id='word_1_771' title='bbox 1416 5486 1620 5558; x_wconf 78' lang='lat' dir='ltr'>partileeerint?</span> 
     </span>
     <span class='ocr_line' id='line_1_59' title="bbox 284 5578 1933 5654; baseline 0 -18"><span class='ocrx_word' id='word_1_772' title='bbox 284 5580 319 5637; x_wconf 90' lang='lat' dir='ltr'>ad</span> <span class='ocrx_word' id='word_1_773' title='bbox 335 5582 492 5640; x_wconf 84' lang='lat' dir='ltr'>bellicosam</span> <span class='ocrx_word' id='word_1_774' title='bbox 507 5584 627 5654; x_wconf 92' lang='lat' dir='ltr'>ipsorum</span> <span class='ocrx_word' id='word_1_775' title='bbox 641 5591 748 5654; x_wconf 87' lang='lat' dir='ltr'>gentem</span> <span class='ocrx_word' id='word_1_776' title='bbox 768 5580 932 5646; x_wconf 68' lang='lat' dir='ltr'>transilisse,</span> <span class='ocrx_word' id='word_1_777' title='bbox 953 5582 1016 5651; x_wconf 88' lang='lat' dir='ltr'>quia</span> <span class='ocrx_word' id='word_1_778' title='bbox 1038 5595 1083 5637; x_wconf 87' lang='lat' dir='ltr'>res</span> <span class='ocrx_word' id='word_1_779' title='bbox 1169 5578 1304 5636; x_wconf 78' lang='lat' dir='ltr'>thlerum</span> <span class='ocrx_word' id='word_1_780' title='bbox 1320 5584 1375 5650; x_wconf 84' lang='lat' dir='ltr'>jam</span> <span class='ocrx_word' id='word_1_781' title='bbox 1393 5582 1560 5639; x_wconf 89' lang='lat' dir='ltr'>ostendimus</span> <span class='ocrx_word' id='word_1_782' title='bbox 1574 5590 1657 5638; x_wconf 85' lang='lat' dir='ltr'>totam</span> <span class='ocrx_word' id='word_1_783' title='bbox 1673 5583 1754 5649; x_wconf 89' lang='lat' dir='ltr'>banc,</span> <span class='ocrx_word' id='word_1_784' title='bbox 1769 5593 1850 5654; x_wconf 90' lang='lat' dir='ltr'>quam</span> <span class='ocrx_word' id='word_1_785' title='bbox 1863 5595 1933 5654; x_wconf 86' lang='lat' dir='ltr'>gen·</span> 
     </span>
     <span class='ocr_line' id='line_1_60' title="bbox 285 5673 1934 5749; baseline 0.002 -20"><span class='ocrx_word' id='word_1_786' title='bbox 285 5675 417 5733; x_wconf 87' lang='lat' dir='ltr'>militares</span> <span class='ocrx_word' id='word_1_787' title='bbox 440 5678 557 5733; x_wconf 87' lang='lat' dir='ltr'>amabat.</span> <span class='ocrx_word' id='word_1_788' title='bbox 582 5677 682 5733; x_wconf 81' lang='lat' dir='ltr'>[tiriae</span> <span class='ocrx_word' id='word_1_789' title='bbox 709 5674 842 5748; x_wconf 88' lang='lat' dir='ltr'>siquidem</span> <span class='ocrx_word' id='word_1_790' title='bbox 868 5673 1001 5745; x_wconf 74' lang='lat' dir='ltr'>equitatis</span> <span class='ocrx_word' id='word_1_791' title='bbox 1030 5689 1085 5731; x_wconf 91' lang='lat' dir='ltr'>non</span> <span class='ocrx_word' id='word_1_792' title='bbox 1135 5674 1198 5732; x_wconf 90' lang='lat' dir='ltr'>tiles</span> <span class='ocrx_word' id='word_1_793' title='bbox 1217 5674 1409 5733; x_wconf 81' lang='lat' dir='ltr'>validissimam</span> <span class='ocrx_word' id='word_1_794' title='bbox 1429 5692 1490 5735; x_wconf 87' lang='lat' dir='ltr'>esse</span> <span class='ocrx_word' id='word_1_795' title='bbox 1510 5677 1651 5749; x_wconf 89' lang='lat' dir='ltr'>putabant,</span> <span class='ocrx_word' id='word_1_796' title='bbox 1672 5676 1934 5749; x_wconf 85' lang='lat' dir='ltr'>argumentationem</span> 
     </span>
     <span class='ocr_line' id='line_1_61' title="bbox 285 5765 1934 5844; baseline 0.003 -23"><span class='ocrx_word' id='word_1_797' title='bbox 285 5776 353 5836; x_wconf 89' lang='lat' dir='ltr'>erat,</span> <span class='ocrx_word' id='word_1_798' title='bbox 364 5769 448 5839; x_wconf 90' lang='lat' dir='ltr'>inquit</span> <span class='ocrx_word' id='word_1_799' title='bbox 457 5769 604 5840; x_wconf 72' lang='lat' dir='ltr'>ernostus,</span> <span class='ocrx_word' id='word_1_800' title='bbox 615 5768 741 5832; x_wconf 87' lang='lat' dir='ltr'>immanis</span> <span class='ocrx_word' id='word_1_801' title='bbox 750 5783 811 5828; x_wconf 85' lang='lat' dir='ltr'>sese</span> <span class='ocrx_word' id='word_1_802' title='bbox 820 5765 973 5825; x_wconf 86' lang='lat' dir='ltr'>immiscere</span> <span class='ocrx_word' id='word_1_803' title='bbox 982 5765 1083 5827; x_wconf 73' lang='lat' dir='ltr'>timor·-</span> <span class='ocrx_word' id='word_1_804' title='bbox 1134 5769 1187 5826; x_wconf 87' lang='lat' dir='ltr'>alia</span> <span class='ocrx_word' id='word_1_805' title='bbox 1201 5769 1306 5827; x_wconf 89' lang='lat' dir='ltr'>ratione</span> <span class='ocrx_word' id='word_1_806' title='bbox 1317 5768 1352 5826; x_wconf 92' lang='lat' dir='ltr'>ab</span> <span class='ocrx_word' id='word_1_807' title='bbox 1366 5770 1482 5829; x_wconf 87' lang='lat' dir='ltr'>llinucio</span> <span class='ocrx_word' id='word_1_808' title='bbox 1495 5771 1594 5841; x_wconf 81' lang='lat' dir='ltr'>Felice,</span> <span class='ocrx_word' id='word_1_809' title='bbox 1607 5772 1721 5844; x_wconf 86' lang='lat' dir='ltr'>aliisque</span> <span class='ocrx_word' id='word_1_810' title='bbox 1732 5770 1850 5843; x_wconf 83' lang='lat' dir='ltr'>antiquis</span> <span class='ocrx_word' id='word_1_811' title='bbox 1860 5770 1934 5827; x_wconf 87' lang='lat' dir='ltr'>seri·</span> 
     </span>
    </p>
   </div>
   <div class='ocr_carea' id='block_1_11' title="bbox 0 0 2105 6244">
    <p class='ocr_par' dir='ltr' id='par_1_13' title="bbox 0 0 2105 6244">
     <span class='ocr_line' id='line_1_62' title="bbox 0 0 2105 6244; baseline 0 0"><span class='ocrx_word' id='word_1_812' title='bbox 0 0 2105 6244; x_wconf 95' lang='lat' dir='ltr'> </span> 
     </span>
    </p>
   </div>
  </div>
 </body>
</html>
