4150 6250
292 249 346 310 :aaa
902 240 1129 302 ntssstttatlo
1148 238 1288 299 PRAElld
1883 231 1935 290 ibi

287 368 338 425 sed
354 366 474 423 omnium
489 362 665 437 gravissimos
687 359 818 419 incidisse
839 374 958 418 errores.
973 360 1014 417 ab
1031 360 1086 416 lle-
1101 360 1295 431 Auuscriptns
1315 354 1418 424 codex,
1439 355 1467 411 iu
1490 356 1701 427 locupletissima
1718 351 1934 412 christianissimi

288 461 368 518 raldo
383 457 515 529 siquidem
531 454 709 514 intolerabilis
725 454 807 526 plane
827 454 987 524 igrroramie
1000 464 1027 511 et
1043 470 1089 511 er·
1139 455 1211 524 umis
1232 452 1318 509 nostri
1344 450 1509 508 bibliotheca
1531 462 1699 520 asservatus,
1721 451 1811 522 ibique
1824 463 1935 506 nurnero

287 556 362 612 roris
382 553 483 609 idcirco
502 551 710 618 condemnatur,
727 548 800 622 quod
816 548 948 605 aduersus
968 548 1086 621 gentiles
1139 545 1203 603 olim
1219 546 1299 612 lest,
1316 560 1387 600 nnnc
1402 543 1484 611 ests,
1501 555 1620 603 notatus.
1635 544 1664 600 lu
1676 559 1710 600 co
1723 556 1812 599 autem
1828 551 1933 613 septem

286 644 462 717 disputando,
472 644 589 702 fateatur
602 658 634 700 se
647 642 755 698 nescire
769 642 814 713 qni
829 642 885 697 veri
899 641 954 698 sint
966 641 1013 698 dii.
1023 640 1087 696 llaec
1138 638 1253 696 drrrobii
1267 639 1344 695 libris
1353 637 1499 710 adjrrnctus
1512 648 1555 696 est
1568 638 1676 694 Mrnrreii
1688 637 1786 694 Felicis
1796 636 1933 704 Octavius,

286 751 379 798 autent
403 749 467 796 strat
486 735 600 794 hrrrobii
613 734 648 792 atl
662 736 878 810 etlrnicosuuerba
895 753 902 788 :
922 735 999 804 ‹eri
1012 742 1085 802 suut,
1139 743 1276 804 tauquam
1292 745 1403 789 octanus
1427 733 1539 790 druobii
1555 732 1635 790 liber.
1649 731 1705 800 Qua
1719 732 1753 788 dc
1764 747 1793 787 re
1808 740 1889 801 atque
1900 727 1935 785 de

285 833 409 907 inquitis,
425 833 462 889 (lii
473 832 551 889 reri?
570 831 605 889 lit
618 831 755 887 commoni
764 830 851 898 ‚robis
863 839 891 885 et
902 828 1018 900 simplici
1030 844 1088 885 res·
1139 827 1251 900 hujusce
1263 828 1440 900 manuscripti
1452 828 1555 884 codicis
1567 828 1727 899 antiquitate
1742 828 1808 883 satis
1818 828 1844 882 in
1854 841 1934 897 supe·

285 929 456 1003 pendeamus
471 924 575 983 serbo:
600 924 660 981 Non
684 924 784 980 scimus
801 942 811 977 r
829 921 959 994 (sirach,
976 920 1022 976 lib.
1037 936 1085 986 urs,
1138 922 1206 977 riori
1228 923 1420 980 dissertatione
1444 923 1643 996 disputavimus
1653 921 1775 996 (Dissert.
1790 922 1818 977 ia
1833 921 1933 977 llinuc.

285 1042 349 1097 pag.
362 1023 441 1096 ill).
457 1022 543 1090 Quem
562 1021 589 1077 ira
607 1020 696 1076 locoru
721 1016 871 1074 ileraldus:
892 1035 901 1068 r
920 1015 1084 1082 Enimvero,
1140 1015 1244 1088 Oeten,
1257 1036 1315 1091 cop.
1332 1018 1422 1088 λιιι.
1436 1016 1478 1091 2).
1501 1017 1677 1074 Observatum
1703 1026 1792 1074 autem
1818 1032 1834 1072 a
1856 1017 1934 1073 nobis

283 1114 334 1183 ait,
345 1116 406 1171 haec
419 1114 553 1187 ignoratio
564 1110 714 1168 tolerabilis
729 1126 783 1165 uon
797 1117 849 1177 est,
863 1118 945 1180 atquc
957 1103 1019 1163 hiric
1030 1121 1086 1178 ap·
1140 1107 1241 1168 ibidem
1258 1113 1307 1169 hrit
1327 1114 1441 1185 plurima
1456 1114 1483 1169 in
1498 1115 1551 1170 hoc
1567 1112 1661 1168 codice
1677 1110 1776 1184 passim
1790 1125 1934 1167 occurrere

282 1209 531 1282 paretdrnobium,
544 1222 604 1264 cum
617 1205 667 1262 hos
678 1206 763 1262 libros
773 1203 916 1270 scriberet,
929 1203 955 1257 iu
965 1201 1028 1258 lldci
1042 1200 1085 1256 uel
1136 1201 1239 1259 librarii
1262 1204 1346 1262 latine
1372 1220 1484 1277 prorsus
1503 1195 1649 1262 nescientis
1663 1214 1765 1261 errata.
1781 1202 1835 1262 Sed
1849 1204 1876 1259 iu
1892 1202 1935 1259 his

283 1303 429 1377 praecipuis
443 1300 578 1373 capitibus
592 1298 676 1355 luisse
688 1297 854 1370 hospitem.»
870 1295 945 1352 ltaue
959 1309 1026 1349 uero
1035 1294 1085 1348 lir-
1137 1294 1249 1353 llrnobii
1265 1297 1343 1354 libris
1357 1297 1436 1371 longe
1448 1298 1631 1370 frequentiora
1640 1305 1754 1365 suut,ac
1764 1297 1934 1369 potissimum

282 1396 383 1452 nonius
408 1407 463 1451 non
488 1402 593 1449 tantum
614 1390 641 1447 iu
654 1406 710 1447 uno
723 1405 757 1446 ers
773 1388 916 1460 precipuis
944 1383 1085 1455 religionis
1137 1389 1164 1445 in
1176 1392 1292 1465 propriis
1301 1402 1348 1448 aut
1359 1393 1450 1450 miuus
1462 1394 1568 1450 usitatis
1580 1393 1736 1450 nominibus
1749 1390 1934 1449 describendis

281 1487 434 1559 capitibus,
455 1485 504 1543 scd
527 1485 650 1541 omnium
673 1482 760 1554 primo
773 1498 805 1538 ac
819 1478 1006 1546 inundantem,
1022 1491 1084 1532 cum
1136 1483 1261 1542 indoctus
1276 1486 1320 1541 ille
1332 1486 1420 1543 scriba
1434 1487 1533 1558 sepius
1546 1489 1720 1559 crassiusque
1733 1485 1846 1543 errarit.
1869 1484 1934 1540 lou·

281 1579 368 1638 lrosce
383 1579 467 1636 libros
479 1579 636 1646 conluceret,
649 1592 742 1634 errare
757 1573 863 1646 potnit?
879 1572 960 1642 Quid,
982 1586 1031 1627 oro
1047 1581 1083 1637 te,
1136 1575 1191 1631 tilis
1203 1589 1294 1635 antem
1307 1595 1398 1651 operm
1417 1579 1489 1637 iuret
1502 1581 1687 1651 longissimam
1715 1594 1839 1636 errorum
1861 1577 1933 1633 illius

282 1682 343 1730 roto
355 1673 407 1730 lroc
420 1674 446 1729 in
461 1686 546 1743 opere
560 1670 631 1726 aliud
643 1669 709 1741 agit,
726 1668 778 1723 nisi
795 1677 825 1723 ut
837 1666 921 1722 labos
936 1681 997 1723 esse
1017 1681 1084 1737 gen·
1136 1670 1294 1727 sericrrrlnc
1306 1682 1440 1729 retexere.
1455 1672 1537 1728 linita
1555 1673 1627 1729 enim
1643 1672 1686 1738 illa
1700 1682 1789 1729 errata
1804 1673 1829 1727 io
1846 1669 1935 1726 rario-

279 1766 369 1823 tilium
380 1766 458 1832 deos,
466 1774 494 1821 et
507 1780 589 1819 rrnum
602 1763 756 1828 dumtaxat,
768 1776 848 1832 quern
863 1758 1015 1824 cltristiani,
1029 1757 1083 1812 illis
1098 1777 1123 1838 B
1137 1778 1195 1818 rum
1207 1763 1289 1832 notis,
1302 1776 1327 1821 et
1343 1765 1428 1821 multo
1441 1766 1516 1836 plura
1528 1765 1556 1820 in
1569 1766 1704 1820 uariarum
1719 1763 1864 1820 lectionum
1876 1762 1935 1818 col·

214 1904 219 1922 ,
281 1859 410 1916 omnibus
436 1857 631 1914 commentitiis
658 1856 765 1927 penitus
786 1853 908 1922 rejectis,
921 1851 1081 1918 adorabunt,
1134 1854 1283 1925 lectaucis,
1306 1857 1333 1912 io
1349 1856 1554 1914 ultimaborum
1570 1857 1700 1914 librorum
1713 1854 1935 1928 editiooepubli·

282 1951 370 2009 Deum
387 1951 575 2008 dernoostret?
591 1946 760 2004 Nonucinde
773 1944 977 2003 euidentissime
990 1952 1082 1999 osten·
1133 1948 1222 2017 catis,
1249 1959 1387 2006 notantur.
1409 1949 1471 2006 Alia
1494 1959 1583 2007 tamen
1603 1950 1640 2006 ibi
1658 1950 1840 2022 praeterrrrissa
1855 1949 1935 2007 uobis

280 2027 589 2116 ditCirr·istlanosplaue
603 2041 739 2098 irntrretitn
754 2038 825 2096 lianc
838 2038 873 2094 Ob
888 2052 946 2094 iem
962 2034 1081 2091 alrvssllr·
1133 2042 1243 2100 eosdem
1255 2044 1340 2102 libros
1355 2044 1452 2114 majori
1471 2061 1537 2101 cup-a
1555 2045 1708 2116 legentibus
1732 2054 1933 2113 occurs-epum,

280 2137 579 2206 nicisuesari,etomni
589 2134 782 2212 suppliciorum
792 2131 1082 2204 ctiamdirissimorum
1133 2152 1194 2208 quae
1208 2145 1312 2208 postea,
1325 2137 1371 2193 ubi
1384 2151 1415 2194 se
1426 2138 1535 2194 occasio
1547 2137 1633 2205 dabit,
1645 2137 1835 2194 indicabimus.

282 2247 385 2305 genere
396 2230 487 2287 allici?
1168 2229 1272 2287 Praeter
1286 2228 1359 2287 huuc
1371 2230 1586 2303 manuscriptum
1608 2229 1731 2287 codicem
1745 2239 1861 2302 testatur
1873 2231 1934 2288 Ste-

319 2323 424 2390 Deinde
437 2339 503 2381 uero
516 2339 577 2381 cnm
592 2322 709 2381 ethnicis
722 2320 954 2394 interrogantibus
967 2318 1014 2392 qui
1028 2319 1084 2374 sint
1134 2324 1256 2380 wechius
1270 2323 1352 2379 alium
1370 2333 1516 2393 uetustum,
1531 2335 1556 2378 et
1569 2333 1636 2380 rote
1649 2326 1769 2393 potone
1782 2322 1932 2397 (Samaei,

283 2420 342 2479 ueri
367 2420 425 2487 dii,
446 2411 584 2476 hruobins
609 2417 756 2489 respondet
771 2432 801 2474 se
815 2414 931 2482 nescire,
947 2414 1083 2472 rationem
1134 2421 1209 2494 epist.
1225 2419 1260 2474 od
1272 2417 1368 2493 Lecti,
1383 2420 1518 2492 qnondam
1533 2419 1560 2476 iu
1572 2419 1662 2477 Flacci
1684 2419 1797 2493 lllyrici,
1812 2435 1844 2476 ac
1858 2419 1936 2477 dein·

282 2515 413 2571 contiuuo
425 2513 523 2580 reddit,
539 2513 601 2584 quin
614 2510 674 2568 illos
685 2526 830 2582 numquam
845 2511 959 2565 viderat.
971 2507 1011 2563 Ex
1024 2506 1084 2562 eth·
1134 2528 1200 2585 ceps
1215 2512 1324 2570 narratas
1336 2512 1433 2570 perfui
1445 2521 1579 2584 poreq-quq
1592 2513 1686 2580 suessa,
1698 2527 1730 2568 ες
1740 2511 1817 2584 0„qu
1827 2513 1935 2567 varran.

282 2609 353 2665 nicis
366 2616 457 2664 autem
473 2623 504 2664 se
517 2607 654 2662 audiuisse
679 2605 778 2662 latetur
792 2620 841 2662 eos
854 2616 1007 2674 essequam
1023 2600 1085 2672 plu·
1135 2607 1207 2664 tibus
1230 2606 1410 2673 lectionibus,
1426 2622 1442 2662 a
1454 2606 1601 2663 l'rarrcisco
1614 2605 1704 2662 Maudio
1717 2606 1849 2677 Brugcosi
1859 2604 1934 2662 i.-C.

280 2701 367 2759 riruos
378 2717 386 2759 ι
398 2702 444 2773 qui
459 2700 586 2773 quidem.
602 2700 625 2754 si
639 2699 756 2768 uspiam,
772 2707 803 2754 ut
816 2696 918 2753 ethnici
931 2694 1083 2766 opimitati-
1135 2700 1257 2756 collectis
1269 2709 1297 2756 et
1309 2700 1342 2756 ad
1359 2716 1390 2756 se
1403 2699 1504 2764 missis,
1521 2699 1635 2756 druobii
1649 2709 1754 2756 textum
1768 2697 1881 2755 inlicitis
1894 2698 1938 2756 lo·

281 2808 337 2862 tur,
361 2798 493 2862 mistarum
518 2796 560 2853 rel
580 2794 604 2851 si
625 2795 682 2851 neri
695 2794 767 2859 siut,
793 2801 823 2849 nt
843 2790 995 2859 Terentius,
1012 2789 1085 2845 haurd
1134 2793 1175 2850 cis
1189 2808 1219 2849 se
1232 2793 1405 2860 correxisse,
1428 2792 1575 2865 magnique
1593 2794 1725 2850 momenti
1743 2794 1854 2850 lacunas
1870 2808 1939 2864 sop-

281 2889 365 2947 dubie
380 2889 476 2955 Varro,
490 2887 582 2953 credit,
596 2887 697 2944 dchent
719 2885 841 2958 prolecto
858 2885 927 2941 tales
940 2896 1002 2941 esse
1016 2898 1084 2953 qua·
1135 2884 1253 2956 pleuisse
1267 2886 1440 2943 testilicatur.
1453 2889 1489 2942 ht
1499 2886 1534 2943 de
1549 2886 1630 2958 liujus
1640 2886 1722 2954 libri,
1745 2903 1826 2959 quem
1841 2887 1939 2944 sidere

281 2982 323 3040 les
342 2983 529 3048 uunriuaotur,
547 2981 677 3052 ingeniti,
693 2979 806 3045 aeterni,
822 2976 890 3033 nihil
908 2985 1024 3032 terrens·
1036 2990 1085 3030 ve-
1135 2981 1214 3037 uobis
1227 2996 1282 3037 uon
1299 2981 1386 3051 licuit,
1403 2981 1565 3052 antiquitate
1580 2990 1608 3039 et
1620 2981 1756 3054 elegantia
1779 2982 1846 3040 nibil
1861 2991 1940 3039 certo

281 3074 395 3147 luptatis
420 3084 580 3148 appetentes
592 3117 600 3144 ,
614 3072 745 3146 aequalis
757 3080 800 3128 est
815 3070 886 3128 Deus
897 3069 1083 3140 omnipotens,
1135 3084 1258 3134 surpere
1280 3091 1435 3149 possumus.
1450 3075 1532 3134 Fama
1547 3087 1637 3134 emen
1659 3076 1857 3134 scewaahlanae
1870 3078 1941 3135 alja-

280 3189 363 3245 qoem
377 3172 516 3231 christiani
529 3186 624 3229 omues
638 3170 727 3226 sciunt
739 3178 821 3237 atque
836 3166 991 3237 intelligunt
1012 3163 1084 3234 Quid
1098 3176 1122 3240 g
1137 3188 1252 3245 auosque
1266 3172 1348 3244 hrrius
1358 3174 1450 3245 operis
1460 3173 1611 3232 editionum
1626 3173 1773 3230 collatione
1785 3172 1942 3246 deprehen.

283 3282 350 3338 ergo
374 3266 433 3322 laec
454 3265 588 3323 aduersus
611 3263 737 3322 ethnicos
756 3260 915 3333 disputatio,
934 3274 966 3314 ac
981 3268 1085 3314 naturae
1136 3265 1226 3321 dimus
1252 3264 1326 3323 hunc
1352 3266 1493 3331 codicem,
1514 3266 1587 3333 alio,
1612 3281 1666 3339 quo
1683 3267 1724 3322 usi
1739 3282 1833 3323 surnus
1842 3267 1943 3325 codice

286 3360 387 3417 divine
400 3358 547 3432 explicatio
561 3357 644 3414 habet
663 3354 851 3418 intolerabile,
867 3362 914 3408 ant
927 3349 1044 3407 bominis
1057 3350 1084 3406 in
1136 3361 1223 3433 ragio,
1240 3376 1295 3417 non
1308 3375 1371 3418 essa
1383 3361 1469 3421 multo
1482 3361 1697 3430 correctiorem,
1713 3360 1866 3433 iisdemque
1881 3362 1942 3420 lere

282 3454 429 3528 precipuis
451 3453 514 3511 ssdei
536 3453 671 3525 capitibus
693 3450 804 3507 omnino
829 3447 963 3520 hospitis?
988 3445 1085 3501 Nouae
1137 3468 1247 3523 semper
1270 3463 1379 3512 scatere
1401 3452 1528 3523 mendis,
1553 3451 1650 3510 loedari
1678 3454 1942 3530 transpositionibus

283 3564 349 3606 ieri
368 3558 411 3605 0⁸²
435 3546 545 3604 511θῦοῑ
567 3543 763 3617 ⁰¹¹¹¹⁸5ll⁰l0¹¹¹is
785 3541 861 3608 idffl,
876 3538 1042 3611 ⁰¹llli⁰³¹i⁰s
1058 3546 1087 3595 ei
1138 3557 1166 3603 et
1179 3546 1380 3615 additionibus,
1399 3562 1433 3605 ac
1450 3547 1569 3606 hiatibus
1589 3565 1717 3607 mancum
1739 3563 1801 3606 esse
1820 3558 1849 3609 et
1867 3548 1943 3606 lriul-

282 3640 455 3711 descriptio?
474 3639 561 3696 Porro
573 3648 665 3695 autem
679 3651 773 3713 sanam
788 3649 851 3691 esse
864 3634 984 3690 auctoris
1000 3629 1086 3687 nostri
1138 3656 1211 3699 qum,

283 3736 320 3794 de
335 3736 391 3792 lieo
407 3734 553 3806 divinaque
574 3740 672 3790 natura
687 3728 843 3802 opinionem
858 3726 927 3783 inira
942 3723 1085 3782 euidenter
1173 3734 1213 3791 Ex
1237 3735 1327 3806 priora
1344 3743 1435 3791 autem
1453 3735 1640 3807 managamma)
1653 3734 1749 3793 00qu
1762 3737 1838 3809 regio
1852 3735 1942 3808 prima

284 3826 472 3886 ostendemus.
845 3830 849 3847 ¹
1138 3827 1236 3884 borum
1262 3827 1376 3884 Arnobii
1403 3827 1534 3885 librorum
1554 3829 1638 3885 editio
1659 3828 1941 3899 llomaeaunollild,

321 3925 367 3988 At,
392 3921 509 3992 inquies,
536 3919 603 3978 dicit
624 3935 654 3977 se
674 3933 728 3976 nott
750 3917 823 3975 seire
835 3916 882 3988 qul
897 3912 1022 3972 sistier?
1036 3910 1085 3976 dli,
1139 3923 1213 3979 euris
1233 3921 1326 3978 Fausti
1350 3921 1439 3979 Sabat
1460 3922 1581 3978 Brisiani
1596 3922 1728 3978 adornata
1742 3931 1795 3986 est,
1810 3933 1892 3995 atque
1905 3938 1943 3980 ex

284 4016 351 4091 quid
367 4017 417 4073 hac
432 4017 514 4090 igitur
529 4015 680 4087 ignorantia
703 4014 793 4070 miurus
816 4009 1006 4068 tolerandum?
1032 4005 1088 4064 Sed
1139 4030 1171 4071 aa
1186 4013 1245 4071 iera
1255 4028 1351 4070 omncs
1361 4022 1455 4085 postea
1468 4013 1639 4086 prodierunt.
1649 4013 1774 4072 Secunda
1786 4030 1852 4077 rere
1866 4014 1943 4071 Bassi-

284 4109 346 4183 qllis
358 4124 412 4165 noli
425 4105 612 4177 imitabilium,
625 4116 654 4164 lli
667 4107 753 4171 diuiti,
763 4107 950 4163 eiseol'alol'is
962 4100 1085 4173 figuram,
1139 4109 1190 4166 leae
1205 4111 1276 4182 apud
1291 4111 1468 4181 Frobpnium,
1480 4126 1553 4168 anno
1566 4111 1647 4181 1546,
1657 4127 1773 4169 excussa
1787 4112 1838 4169 suit
1850 4111 1942 4170 guadio

285 4204 358 4276 quta,
376 4198 1088 4271 uterorouuore,axrosumeraurersauamuaoa-
1139 4200 1304 4273 sussurrant
1325 4202 1455 4272 oeterni,
1478 4203 1525 4277 qun
1540 4203 1632 4274 ploras
1647 4205 1942 4271 squamosusque

285 4299 405 4355 lessiooe
430 4297 512 4355 laisos
540 4297 683 4367 uullrrsqoc
697 4311 759 4353 esse
772 4293 913 4367 gentilium
927 4292 993 4349 deos
1005 4306 1087 4347 soar·
1139 4310 1249 4354 errores
1262 4296 1297 4354 ab
1311 4297 1363 4367 iis,
1390 4297 1436 4370 qui
1452 4297 1478 4353 in
1495 4296 1618 4370 tegendis
1640 4298 1740 4371 priscis
1755 4297 1942 4357 caracteribus

284 4389 354 4461 guit,
366 4406 397 4444 ac
407 4388 523 4462 proinde
536 4388 637 4445 nemini
653 4403 704 4444 nec
716 4387 767 4443 sibi
780 4385 927 4457 cognitam,
940 4400 1000 4457 qne
1014 4382 1087 4439 nulle
1139 4391 1281 4447 exercitati
1302 4406 1356 4447 uon
1373 4401 1469 4460 eraut,
1485 4392 1513 4449 in
1528 4392 1641 4449 arnobii
1660 4403 1763 4451 textum
1774 4392 1897 4451 intrusos
1909 4408 1942 4450 se

285 4496 349 4539 esse
360 4491 477 4553 poterat,
491 4481 600 4536 illorum
613 4478 795 4536 diuinitatem.
882 4493 885 4505 ·
1139 4485 1292 4543 correxisse
1317 4487 1444 4543 alllrmat.
1465 4485 1533 4544 Clam
1554 4502 1621 4544 sero
1634 4489 1682 4546 illc
1697 4497 1786 4546 taceat
1798 4499 1890 4545 utrum
1904 4505 1942 4546 ex

268 4658 270 4663 Ι
324 4575 378 4632 Alli
391 4573 513 4646 prolecto
529 4573 636 4644 plurimi
651 4581 716 4628 Sillii
729 4587 837 4631 errores
850 4570 992 4645 dequibus
1002 4571 1327 4649 Arnmnmaqusqpiplp
1359 4579 1455 4637 codice
1478 4580 1570 4654 aliquo
1598 4592 1700 4639 textum
1729 4583 1939 4656 emendaverit,

285 4665 350 4727 bitis
365 4668 526 4738 postulalttr,
547 4665 674 4721 trimitttm
688 4663 843 4722 desummo
858 4665 933 4732 000,
958 4663 992 4719 de
1016 4661 1088 4718 inlus
1139 4688 1230 4730 noune
1254 4672 1317 4729 inde
1340 4672 1431 4746 cstilissi
1453 4683 1542 4745 poles!
1558 4674 1631 4732 hunc
1646 4676 1734 4747 ipsum
1748 4676 1805 4733 guis
1819 4685 1940 4733 lantum.

285 4764 340 4831 ira,
355 4760 390 4819 de
402 4762 493 4818 arriana
515 4759 644 4829 bominis,
658 4758 693 4816 de
708 4767 829 4832 peccato,
845 4756 880 4814 de
892 4757 981 4814 caruis
994 4771 1087 4813 resur·

284 4855 420 4927 rectione,
434 4854 469 4913 de
480 4855 567 4927 punis
578 4855 733 4926 impiorum,
747 4853 783 4910 de
792 4840 961 4926 publicarum
972 4850 1086 4908 calami-

288 4960 374 5007 tatum
389 4966 481 5016 causa,
493 4951 608 5022 aliisque
622 4948 760 5022 religionis
771 4947 927 5005 christiane
937 4945 1087 5003 documen·

288 5046 335 5101 tis.
351 5044 405 5102 Sed
419 5056 509 5100 utrum
519 5044 581 5116 jure
601 5042 642 5099 tel
661 5042 760 5099 morito
772 5041 814 5099 rel
829 5040 966 5098 immerito
988 5037 1086 5095 borum

287 5139 410 5194 omnium
436 5152 560 5193 errorum
583 5144 723 5206 arguatur,
735 5148 785 5190 nos
795 5131 866 5188 inira
878 5132 959 5188 solito
968 5131 1087 5187 madore

287 5227 518 5294 examinabimus,
540 5227 584 5283 ubi
606 5225 641 5283 de
665 5224 760 5282 iisdem
781 5224 835 5280 illis
848 5238 933 5280 sacrae
947 5221 1086 5293 religionis

286 5333 389 5381 nostras
401 5320 573 5396 dogmatibus
585 5329 613 5378 et
627 5320 795 5393 argumentis
818 5316 972 5391 disputandi
997 5314 1086 5388 aptior

286 5415 366 5474 locus
375 5415 454 5473 nobis
467 5429 528 5474 sese
542 5412 647 5471 olicret.

591 5522 740 5565 muscosos
754 5522 779 5563 u.

285 5626 328 5682 lie
341 5629 414 5681 variis
435 5629 523 5683 horum
534 5628 790 5745 Ιίιιιοιιιῧιοξςιιὺᾱὲἓιιιιω
804 5634 976 5697 maassuiptis
990 5641 1019 5686 et
1029 5633 1085 5687 edi·

285 5792 399 5879 cerus
412 5758 516 5877 tantem
527 5798 607 5863 uehis
618 5806 745 5873 superest
757 5797 856 5864 horum
879 5800 1010 5867 librorum
1022 5820 1085 5865 ma·

1139 4766 1221 4822 modo
1235 4766 1401 4838 coniecturis
1412 4775 1533 4823 teumssc
1545 4766 1678 4824 medicam
1693 4769 1727 4826 iis
1740 4768 1870 4826 adhibere
1882 4783 1941 4824 ma·

1140 4858 1226 4916 uum?
1240 4857 1345 4915 Rursus
1358 4872 1425 4914 uero
1440 4857 1466 4914 bi
1481 4860 1593 4916 druobii
1606 4859 1669 4917 libri
1683 4877 1716 4918 ex
1728 4862 1824 4919 iisdem
1835 4862 1940 4924 Frobe·

1139 4953 1228 5009 uianis
1249 4953 1320 5026 typis
1344 4968 1416 5009 anrro
1441 4954 1529 5021 letio,
1552 4955 1579 5011 iu
1594 4955 1690 5011 eadem
1705 4957 1787 5029 urbe,
1801 4973 1834 5015 tte
1845 4969 1940 5031 postes

1138 5047 1252 5104 Parisiis
1262 5061 1334 5102 anuo
1350 5046 1431 5111 tato,
1447 5047 1473 5101 in
1485 5046 1582 5121 vulgus
1591 5049 1729 5105 exierunt.

1175 5139 1336 5197 'lireodorns
1348 5139 1465 5198 subinde
1480 5142 1612 5199 Caeteros
1633 5158 1730 5201 nouam
1755 5145 1879 5216 illorum,
1903 5148 1939 5207 ad

1140 5233 1315 5305 manuscripti
1338 5232 1423 5303 regii,
1446 5242 1474 5289 ιιι
1495 5234 1541 5291 illc
1562 5236 1613 5303 ait,
1629 5236 1730 5306 iidem,
1747 5249 1775 5296 et
1788 5239 1939 5302 Clementis

1140 5326 1321 5385 alexandrini
1334 5325 1436 5382 anxilio
1444 5329 1617 5399 castigatam,
1626 5328 1773 5388 editionem
1781 5334 1938 5405 antuerpia

1140 5422 1211 5494 apud
1235 5421 1401 5493 Plautinum,
1419 5435 1492 5478 auno
1513 5422 1594 5491 1582,
1614 5439 1742 5482 excusam
1757 5427 1857 5499 publici
1866 5428 1938 5501 juris

1140 5515 1215 5573 lecit.
1232 5515 1346 5572 Fatetur
1358 5526 1448 5573 autem
1463 5530 1494 5573 sc
1513 5517 1674 5589 aliquando,
1694 5518 1739 5576 nbi
1753 5520 1865 5579 meliora
1883 5537 1938 5579 nou

1140 5612 1338 5684 suppetabant,
1364 5612 1453 5669 sarias
1476 5610 1598 5678 Gelenii,
1618 5630 1698 5687 quern
1711 5615 1877 5689 conjecturis
1895 5624 1937 5674 ta-

1140 5722 1204 5764 men
1228 5704 1341 5764 nimium
1355 5703 1503 5765 indulsisse
1524 5706 1628 5780 arguit,
1654 5718 1777 5769 secutum
1799 5708 1936 5786 icissele·

1123 5815 1140 5862 c
1155 5802 1252 5864 tiones.
