4150 6250
292 295 345 352 tor
899 276 1286 348 romanuspopulus
1337 251 1339 258 '
1885 283 1939 339 too

292 411 400 479 surdos,
421 414 466 463 aut
490 415 591 471 mutos,
605 412 651 459 aut
669 400 765 474 quouis
780 398 888 466 morbo,
903 397 990 467 lehre,
1006 397 1087 463 lame,
1103 405 1131 463 Α
1142 394 1266 465 Christo,
1281 402 1436 458 evanuisse.
1452 400 1594 472 viderant,
1611 402 1731 476 inpiam,
1746 401 1872 459 ludentem
1887 401 1941 459 diis

293 502 425 568 cecitate,
450 498 658 563 claudicatione,
674 494 825 569 hydropisi,
847 492 933 564 lepra,
959 490 1090 562 producis
1142 490 1229 559 lalsis,
1241 500 1271 549 et
1282 492 1317 549 ab
1331 494 1434 551 eisdem
1450 498 1636 553 metuentibus
1651 494 1801 568 proditum,
1818 493 1940 567 pondere

293 596 441 669 sanguinis,
458 593 586 686 paralysi,
603 589 717 660 aliisque
733 583 942 658 aptitudinibus
965 583 1090 639 laboran-
1141 585 1342 658 praecipitatum
1354 589 1673 661 suo,cruribusjacuisse
1688 589 1858 661 praefractis:
1876 598 1939 660 post

292 700 335 746 tes
353 688 477 756 sanarit,
501 685 582 740 maris
603 693 800 753 ventorumque
817 678 920 735 sedavit
943 677 1088 749 procellas,
1141 677 1241 734 deinde
1263 680 1396 749 perlatum
1424 681 1582 749 Brundam,
1603 681 1768 739 cruciatibus
1782 689 1811 738 et
1835 680 1940 752 pudore

292 781 366 838 illius
379 780 465 836 trudas
480 778 553 834 sicco
582 775 695 833 calcarit
718 772 796 845 pede,
822 780 942 829 secretas
964 771 1091 843 cognovit
1142 768 1290 838 delessum,
1306 789 1340 828 ex
1355 774 1481 829 altissimi
1503 774 1630 832 culminis
1642 789 1672 831 se
1685 789 1794 831 rursum
1811 773 1939 845 praccipi-

293 873 433 930 hominom
444 869 631 942 cogitationes,
647 867 715 923 alios
727 865 898 937 atqncetiam
912 865 1089 936 semetipsum
1144 872 1218 921 tasse
1230 864 1347 938 fastigio.
1370 887 1381 921 ι
1398 867 1507 925 selmum
1529 868 1639 940 quidem
1658 869 1709 925 hoc
1723 866 1882 925 miraculum
1905 867 1940 924 ab

291 982 307 1022 a
322 975 409 1021 morte
421 961 559 1019 revocarit
574 961 607 1015 ad
623 960 720 1026 uitum;
743 965 804 1028 post
816 956 1045 1012 resurrectionem
1059 969 1091 1046 se
1143 958 1278 1016 alicuibus
1300 968 1347 1017 ant
1366 965 1456 1018 vocari
1471 964 1498 1019 iu
1512 963 1635 1031 dubium,
1649 973 1696 1018 aut
1710 963 1818 1034 penitus
1832 964 1938 1035 uagam.

292 1056 437 1114 ridendum
455 1055 589 1127 prebuit,
606 1062 634 1108 et
656 1067 718 1108 cum
743 1048 885 1121 discipulis
911 1055 1091 1104 citurersaltts
1143 1049 1251 1106 Etenim
1278 1052 1337 1108 lutee
1351 1052 1463 1110 historia
1487 1054 1522 1112 ab
1539 1054 1790 1128 pseudepigraphis,
1804 1064 1834 1109 ut
1847 1056 1938 1120 aiunt,

293 1163 335 1211 est
350 1172 358 1221 ;
372 1151 489 1221 deniqne
504 1159 533 1204 ut
544 1145 663 1203 anactoria
676 1146 761 1201 nostrl
776 1143 1004 1200 uerblsutamur:
1021 1139 1091 1196 ‹Cu-
1142 1142 1231 1200 libris.
1248 1142 1300 1201 boo
1310 1153 1352 1201 est
1366 1145 1555 1217 proculdubio,
1569 1146 1813 1204 Caristitutionilms
1831 1157 1941 1220 aposto·

291 1245 337 1317 jus
350 1259 448 1300 nomen
470 1243 590 1297 auditum
611 1240 687 1310 lugat
713 1238 809 1293 ulixios
831 1234 952 1306 spiritua,
976 1232 1092 1303 imponit
1142 1234 1203 1292 licis
1227 1236 1370 1311 desumpta
1391 1236 1448 1312 (ut.
1473 1255 1515 1308 ut,
1542 1239 1681 1297 Conciliat.
1703 1239 1856 1311 apostolia,
1872 1257 1895 1295 e.
1911 1239 1939 1306 9,

292 1339 428 1406 silentium
456 1335 570 1399 vatibus,
585 1333 724 1403 aruspices
747 1329 914 1386 inconsultos
933 1324 1033 1393 reddit,
1044 1341 1091 1381 ar·
1144 1344 1171 1398 p.
1182 1326 1258 1400 bib),
1272 1329 1374 1385 narica
1390 1331 1471 1387 variis
1483 1333 1664 1403 scriptoribus
1679 1341 1814 1388 narrator.
1838 1331 1942 1388 lleinde

293 1434 445 1506 rogantium
471 1445 611 1502 magorum
639 1426 763 1483 lrustrari
788 1423 872 1481 allicit
888 1422 1021 1485 actiones,
1035 1433 1091 1475 non
1144 1434 1208 1476 aero
1221 1419 1315 1477 Rome
1328 1422 1406 1480 ualde
1418 1423 1520 1480 incerta
1536 1423 1586 1481 init
1613 1424 1684 1480 lama
1708 1424 1781 1480 illius
1806 1424 1939 1492 miraculi,

297 1530 422 1594 horrore,
434 1536 463 1580 ιιι
478 1524 581 1592 dicitis,
602 1521 763 1586 divinitatis,
778 1517 827 1574 sed
849 1516 960 1588 majoris
982 1514 1092 1571 licentia
1143 1527 1176 1569 ac
1189 1511 1224 1570 de
1236 1512 1284 1569 illo
1295 1513 1418 1571 lustinus
1428 1524 1542 1590 martyr,
1556 1517 1689 1585 irenaeus,
1701 1516 1942 1590 alitqucantiquts·

294 1623 437 1696 potestatis
457 1643 466 1672 i
485 1620 581 1694 (llic,
597 1636 625 1690 p.
638 1616 698 1690 27).
725 1615 790 1683 Quis
810 1622 899 1669 autem
923 1627 978 1668 ιιοιι
1003 1608 1093 1666 uideat
1144 1604 1206 1662 sinti
1221 1608 1369 1678 scriptores
1383 1608 1492 1680 penitus
1502 1609 1649 1667 siluerunt.

293 1739 373 1796 quam
384 1722 502 1778 uallatum
522 1720 557 1775 sit
570 1718 622 1774 hoc
633 1722 835 1787 argumentum,
849 1725 904 1782 quo
918 1709 965 1765 ille
979 1721 1032 1763 non
1047 1721 1092 1763 so·
1180 1699 1236 1756 Sed
1250 1699 1413 1759 heceadem
1426 1702 1563 1760 historica
1577 1705 1681 1778 Cprillo
1693 1705 1942 1778 hierosolymitano

295 1817 352 1873 lum
366 1816 507 1872 ueritatem
521 1811 676 1868 eluistianae
699 1807 847 1879 religionis,
862 1801 910 1859 sed
935 1815 1090 1873 supremam
1106 1792 1187 1870 Rhis
1201 1795 1367 1852 describitur
1380 1796 1470 1854 verbis
1482 1815 1490 1854 ι
1503 1818 1512 1852 ι
1526 1798 1624 1855 Petrus
1649 1808 1678 1856 et
1691 1799 1800 1869 Paulus,
1813 1801 1943 1859 Ecclesia

294 1927 405 1984 quoque
420 1908 537 1973 Christi,
560 1915 590 1961 ιι
602 1904 671 1962 inlra
695 1900 870 1959 ostendemus
882 1896 976 1973 (insu,
989 1911 1048 1965 cop.
1061 1895 1090 1965 6,
1145 1888 1430 1958 lllaefeclitSisswntm
1446 1903 1507 1946 ⁸0⁸0
1529 1891 1613 1948 Deum
1638 1901 1831 1958 ostentantem,
1848 1895 1943 1950 talem·

295 2014 344 2059 art.
361 2001 398 2075 t),
415 2001 583 2058 diuinitatem
599 1990 875 2068 planedemonstrnt?
1144 1995 1198 2051 que
1212 1981 1413 2051 existimatum,
1428 1984 1573 2040 coelestim
1596 1996 1684 2045 morte
1703 1985 1861 2044 adiecerunt.
1875 1985 1942 2045 Nam

331 2097 414 2170 Urget
437 2094 537 2158 adhuc,
553 2102 660 2163 tamque
685 2095 851 2154 constanter,
865 2098 946 2156 quom
964 2094 1029 2138 uere
1041 2078 1090 2136 ad·
1131 2093 1205 2146 ,cour
1218 2077 1312 2135 Simon
1325 2081 1352 2136 iu
1361 2097 1453 2137 aerem
1463 2081 1663 2137 demoniorum
1676 2083 1801 2139 uehiculo
1812 2082 1940 2152 serretur,

295 2201 403 2251 severat
425 2192 563 2248 Cluistum
588 2185 725 2257 discipulis
749 2183 817 2250 suis,
833 2181 885 2238 etsi
898 2176 1001 2251 egenls,
1015 2175 1092 2233 inllr·
1143 2174 1259 2246 genibus
1273 2176 1407 2245 provoluti
1427 2176 1500 2232 serui
1529 2176 1576 2232 liei
1581 2215 1637 2233 .....
1658 2178 1842 2235 contentionis
1857 2180 1941 2236 telum

294 2288 357 2351 mis,
370 2295 398 2342 et
425 2282 557 2355 impetitis
585 2279 694 2336 dedisse
716 2276 811 2333 eadent
835 2286 947 2345 prorsus
963 2269 1091 2326 miracula
1144 2283 1256 2339 precum
1271 2271 1425 2326 interuentu
1450 2269 1478 2325 in
1495 2285 1622 2343 magnum
1642 2271 1771 2344 ejaculati
1785 2281 1859 2337 sunt,
1872 2282 1900 2329 et
1912 2275 1940 2329 in

295 2378 410 2437 laciendi
423 2386 584 2451 potestatem
597 2392 606 2440 ;
617 2387 668 2445 apua
682 2370 792 2444 paridem
814 2381 867 2424 non
887 2366 913 2421 iu
925 2364 1020 2421 ludat
1031 2372 1091 2418 tan·
1144 2373 1244 2418 terram
1257 2379 1319 2419 enm
1333 2363 1494 2433 deiecerunt
1497 2400 1553 2419 .....
1567 2379 1584 2420 e
1605 2364 1715 2421 sublimi
1735 2380 1799 2422 aere
1812 2365 1891 2423 deum
1905 2366 1941 2423 il·

295 2483 362 2536 tum,
376 2472 424 2530 scd
444 2473 471 2528 iu
487 2468 621 2526 universis
637 2466 719 2522 totius
733 2463 808 2519 orbis
823 2470 903 2517 terrm
918 2457 1038 2531 partibus
1051 2456 1093 2511 in·
1143 2455 1200 2512 lum
1216 2456 1336 2513 habitum
1364 2456 1391 2512 iu
1416 2465 1516 2514 terram
1532 2455 1692 2529 deiecerunt
1716 2457 1750 2513 ad
1776 2455 1878 2514 itrleros
1891 2458 1942 2516 de-

294 2588 405 2630 „pumera
435 2563 679 2634 lecerunt,quibos
704 2559 802 2618 induiti
828 2570 898 2628 pene
920 2549 1092 2610 hominesad
1144 2548 1344 2622 primebdumt
1369 2550 1494 2622 (epistt,
1516 2549 1620 2607 catech.
1644 2550 1671 2619 6,
1693 2570 1721 2623 p.
1746 2552 1804 2623 bl).
1831 2551 1941 2609 Litteris

294 2665 475 2741 proluendum
491 2645 1092 2720 christianoutlrdemsuntaddnctizcssnu·
1142 2657 1251 2716 quoquc
1279 2642 1509 2716 consignaverunt
1542 2643 1596 2699 hoc
1628 2642 1748 2710 lactum,
1780 2643 1831 2701 scd
1854 2646 1941 2703 multo

295 2757 483 2816 merarienim
500 2761 622 2827 possunt,
642 2750 754 2821 »iuquit
774 2747 856 2812 illc,‹
876 2740 996 2814 atqoein
1013 2752 1090 2793 usum
1142 2736 1263 2800 breuius,
1280 2737 1461 2803 honorosius,
1497 2738 1687 2807 Augustinus,
1718 2735 1836 2793 isidorus
1856 2737 1939 2795 Pelu-

295 2848 627 2927 computationisrcnire,
650 2860 683 2900 ea
706 2858 765 2914 quoe
779 2840 807 2895 iu
829 2835 902 2893 india
917 2842 991 2904 gesta
1016 2838 1089 2894 sunt,
1143 2829 1425 2898 siota,Theodoretns
1452 2841 1478 2885 et
1507 2830 1638 2887 llatimus
1664 2830 1839 2888 'lantrlnensis
1864 2833 1940 2905 (Am-

297 2950 366 3019 apud
381 2946 471 3006 Seras,
485 2941 584 2998 Persas
596 2947 625 2995 et
637 2935 739 3003 ltedos,
755 2935 781 2989 in
797 2930 906 2995 amnia,
922 2926 1051 2998 AEgypto,
1063 2924 1091 2979 in
1142 2924 1223 2987 bros..
1246 2926 1291 2981 lib.
1320 2941 1346 2980 rr
1371 2924 1496 2993 liceant„
1516 2941 1574 2995 cap.
1612 2927 1645 2991 ll,
1673 2924 1688 2998 l
1715 2925 1770 2992 55,
1796 2942 1856 2999 pag.
1884 2926 1939 2992 785

295 3043 371 3108 asta,
394 3039 483 3112 Syrio,
510 3034 581 3106 apud
607 3031 736 3096 Galatas,
766 3025 901 3090 Parthos,
916 3021 1049 3092 Phrygas,
1064 3019 1090 3073 iu
1143 3019 1264 3088 baptist„
1286 3016 1304 3071 l.
1328 3018 1360 3073 de
1382 3017 1496 3083 lieres„
1511 3036 1538 3089 p.
1552 3015 1591 3082 s;
1606 3016 1718 3083 isidor„
1733 3018 1753 3074 l.
1770 3034 1795 3084 t,
1810 3035 1852 3089 ep.
1874 3033 1939 3085 xm,

255 3109 265 3127 ⁸
295 3136 409 3201 Appia,
423 3130 591 3194 theodorito,
618 3126 713 3196 Epiro,
727 3123 755 3178 in
776 3117 922 3176 iusulis'et
944 3110 1090 3187 prouinciis
1143 3129 1170 3184 p.
1193 3111 1228 3178 ις
1244 3109 1384 3179 Theodec,
1405 3111 1425 3167 l.
1442 3128 1465 3178 t,
1490 3108 1589 3167 liceret.
1611 3109 1707 3183 sobal..
1728 3126 1753 3167 c.
1773 3127 1801 3177 t,
1825 3130 1852 3182 p.
1871 3112 1940 3179 1983

297 3228 433 3293 sonitibus,
458 3238 525 3297 quas
553 3221 593 3277 sol
616 3218 707 3275 orieris
733 3223 814 3285 atquc
832 3208 957 3266 occidens
982 3207 1089 3270 lustrat,
1105 3209 1128 3272 (ζ
1145 3204 1268 3273 unum,
1297 3207 1366 3261 loom.
1393 3206 1421 3272 5,
1443 3208 1471 3260 iu
1492 3203 1575 3259 notul.
1601 3203 1656 3259 SS.
1683 3202 1757 3258 Petri
1779 3212 1803 3258 et
1829 3203 1938 3277 Pauli).

297 3316 599 3396 ipsamdeniqueapud
620 3312 757 3371 dominnm
771 3305 1014 3373 Romaminqua,
1030 3314 1092 3357 cum
1144 3297 1212 3367 Qtris
1224 3308 1314 3357 autem
1338 3297 1479 3356 dubitandi
1491 3298 1570 3353 loeus
1595 3310 1657 3352 esse
1685 3305 1791 3368 potest,
1815 3298 1881 3367 quin
1913 3299 1940 3354 hi

297 3416 423 3473 homines
437 3414 491 3469 sint
514 3410 608 3466 Numae
620 3404 691 3477 rogis
707 3401 811 3457 artihns
821 3408 903 3469 atque
915 3393 1033 3465 antiquis
1047 3407 1093 3447 su·
1144 3393 1248 3464 aliique
1275 3393 1393 3462 antiquar
1422 3406 1453 3447 ac
1479 3390 1561 3446 toriae
1592 3389 1680 3446 :etatis
1706 3389 1854 3459 scriptores
1880 3406 1941 3462 per-

295 3508 504 3585 pcrstltionibus
521 3501 656 3573 occupati,
679 3511 733 3553 non
757 3493 920 3550 distulerunt
939 3498 1027 3544 tomen
1048 3501 1093 3541 res
1145 3499 1255 3541 suasum
1279 3483 1421 3542 imbuerint
1436 3498 1530 3540 rerum
1553 3497 1614 3539 esse
1639 3482 1709 3538 hanc
1731 3481 1942 3540 historiamlllt

297 3606 399 3677 patrias
413 3603 547 3674 linquere,
560 3606 588 3653 ct
600 3591 708 3650 ueritati
721 3593 877 3647 coalescere
890 3580 1046 3640 christianae
1057 3578 1089 3632 li
1146 3581 1255 3638 tametsi
1270 3580 1296 3635 in
1311 3595 1343 3636 ea
1360 3579 1462 3651 aliquid
1490 3578 1560 3644 ialsi,
1575 3578 1618 3634 vel
1645 3578 1667 3633 si
1683 3579 1848 3649 pertinacius
1859 3579 1938 3644 velis,

297 3701 416 3776 (mog.
428 3698 473 3754 pp,
489 3711 519 3760 n,
538 3710 563 3763 ρ,
576 3688 633 3765 50),
1145 3674 1215 3731 nihil
1231 3687 1345 3742 prorsus
1359 3675 1415 3729 reri
1431 3683 1504 3730 esset
1520 3688 1528 3736 ς
1546 3688 1599 3728 nou
1616 3670 1679 3729 iude
1695 3678 1786 3728 tamen
1798 3674 1940 3729 arnoltinui

334 3791 406 3850 liibil
422 3805 488 3863 ergo
502 3789 597 3844 insana
621 3777 798 3854 quorumdam
818 3770 958 3845 gentilium
980 3763 1092 3824 temeri·

297 3899 353 3947 tate
368 3884 524 3948 absurdius,
538 3881 584 3953 qui
600 3878 659 3934 hee
673 3870 803 3931 miracula
816 3868 884 3925 lalsa
898 3860 1093 3950 luisscgarric·

296 3983 371 4040 bant.
385 3978 457 4036 lieri
471 3977 543 4033 enim
567 3986 621 4028 ιιοιι
646 3968 742 4041 potnit,
754 3974 784 4020 ut
808 3970 847 4018 tot
860 3968 964 4031 gentes,
979 3962 1034 4011 tam
1049 3948 1093 4008 dt-

296 4090 383 4133 rersce
409 4071 534 4129 nationes
558 4081 573 4121 a
593 4080 624 4121 se
646 4062 760 4118 inuicem
775 4052 973 4116 remotissimae,
994 4045 1092 4103 aelio·

299 4170 371 4226 ιιιιιιί
386 4168 449 4238 ipsi,
464 4174 568 4219 summa
585 4171 676 4214 rerum
692 4151 780 4224 potiti,
796 4148 830 4205 ad
844 4146 910 4202 lalsa
922 4148 1091 4200 sectatorum

297 4264 397 4321 Christi
415 4256 543 4315 miracula
567 4267 617 4324 pro
639 4248 712 4305 reris
726 4241 897 4317 agnoscenda
919 4237 1093 4308 conspirare·

295 4358 361 4413 rittt.
375 4351 446 4423 Qttid
466 4349 558 4413 etiam,
572 4343 644 4417 quod
668 4338 802 4397 innumeri
819 4335 856 4389 illi
869 4348 902 4390 er
917 4340 957 4388 tot
968 4327 1092 4402 gentibus

294 4449 422 4507 homiues
434 4455 488 4498 tana
508 4439 596 4505 hardi,
611 4434 734 4499 hebetes,
750 4441 778 4486 et
795 4428 885 4485 stolidi
899 4425 952 4481 dici
964 4438 1018 4480 non
1028 4436 1092 4492 pos·

295 4551 358 4599 sunt
371 4560 379 4605 ;
394 4547 423 4593 ut
437 4549 497 4607 qtae
511 4546 564 4588 non
581 4528 706 4584 videmnt
721 4521 861 4588 miracula,
878 4533 907 4576 se
921 4516 1022 4573 vidisse
1036 4528 1091 4571 non

297 4634 385 4691 solnm
400 4630 542 4701 llrigerent,
557 4620 604 4678 sed
619 4616 738 4675 inaudita
751 4615 881 4671 hactenus
897 4610 1005 4666 llctinne
1018 4608 1133 4680 ines-1)

298 4726 368 4791 cati,
383 4716 533 4792 reptodlatis
554 4724 660 4786 patrum
676 4724 708 4765 ac
722 4704 892 4779 popularium
906 4716 1017 4758 suorum
1030 4700 1093 4772 pul·

295 4819 409 4876 boscum
432 4809 548 4868 leliciter
563 4807 654 4862 rivere
680 4807 822 4872 poteraut,
844 4792 1092 4866 superstitionibus,

295 4912 450 4971 institutam
464 4920 480 4960 a
493 4902 602 4960 Christo
625 4910 747 4954 severam
762 4889 869 4949 vivendi
882 4889 1025 4952 rationem,
1037 4902 1092 4943 non

294 5008 355 5065 sine
380 5010 457 5060 certo
485 4997 581 5068 capitis
610 4990 733 5067 periculo
745 4986 966 5060 amplexarentur
980 4981 1091 5058 (ibid).

1145 3767 1298 3841 argttmenti
1314 3768 1355 3824 uis
1369 3778 1417 3824 aut
1428 3767 1513 3823 robur
1531 3766 1589 3823 ullo
1610 3765 1688 3836 plane
1709 3765 1791 3822 ιιιοιιο
1804 3767 1941 3823 minuere·

1145 3871 1199 3918 tur.
1214 3860 1377 3918 Christianae
1404 3858 1537 3932 siqnidem
1552 3858 1693 3931 religionis
1708 3860 1809 3915 veritas
1822 3875 1875 3915 nou
1888 3859 1940 3915 hoe

1146 3956 1255 4027 quidem
1279 3954 1339 4010 solo
1354 3953 1485 4009 utiraculo
1497 3952 1532 4007 ab
1558 3951 1605 4007 illo
1620 3951 1758 4022 probatur,
1775 3951 1823 4009 scd
1834 3966 1869 4008 ex
1879 3952 1939 4007 aliis

1146 4053 1228 4124 plane
1242 4050 1404 4115 innumeris,
1423 4063 1483 4120 quae
1497 4062 1512 4102 a
1527 4046 1635 4103 Christo
1649 4046 1763 4102 Domino
1773 4046 1886 4118 ejumue
1898 4046 1939 4103 di-

1147 4147 1258 4217 scipulis
1271 4145 1340 4202 lacta
1363 4143 1447 4199 luisse
1469 4156 1562 4205 nemo,
1578 4141 1616 4196 uti
1629 4140 1758 4207 diximus,
1775 4142 1825 4195 nisi
1840 4140 1938 4197 inuicta

1146 4255 1259 4313 prorsus
1281 4238 1464 4295 obstinatione
1477 4236 1631 4309 obcoecatus
1647 4241 1752 4305 poterat
1766 4233 1890 4288 inficiari.
1905 4238 1940 4291 tlt

1146 4350 1181 4392 ex
1192 4333 1225 4389 iis
1234 4331 1361 4389 omuibus
1373 4340 1469 4387 attctor
1480 4335 1574 4384 noster
1583 4336 1656 4383 muta
1667 4326 1828 4382 certitudine
1840 4339 1938 4398 qutamu

1146 4426 1280 4487 evidentia
1304 4423 1445 4482 concludit
1466 4436 1558 4481 uotam
1574 4433 1636 4478 esse
1660 4420 1745 4477 solam
1765 4418 1937 4478 christianam

1146 4520 1315 4592 religionem.

1392 4643 1394 4645 ’
1438 4643 1586 4687 nnrtcucos
1605 4644 1635 4685 ιι.

1145 4751 1270 4815 Quomodo
1291 4748 1415 4800 hruobius
1435 4758 1462 4795 ar
1497 4748 1581 4793 menta
1599 4740 1694 4797 diluat,
1714 4741 1803 4805 utribus
1829 4740 1939 4804 gentiles

1175 4812 1357 4930 &timuisti
1374 4757 1599 4872 motpbuoronque
1612 4806 1666 4869 eius
1683 4802 1799 4855 miracula
1815 4803 1938 4857 intonare

1180 4985 1252 5043 llihil
1266 4991 1310 5041 est
1324 4992 1377 5038 mm
1393 4988 1498 5038 certum
1522 4986 1550 5035 et
1570 4975 1695 5044 cudens,
1717 4974 1791 5047 qaod
1813 4973 1937 5032 homiues

297 5101 407 5159 Certum
431 5095 514 5167 igitur
540 5090 678 5159 usumque
692 5099 754 5141 esse
774 5082 855 5139 debet
880 5081 941 5135 illos
955 5077 1092 5135 miraculis
1139 5078 1284 5154 ingeniosi,
1298 5071 1647 5133 arectoreritatistramite
1659 5069 1940 5136 aberrantesaotdu-

296 5197 436 5253 dumtaxat
448 5183 640 5259 apertissimis,
654 5190 682 5237 et
692 5178 752 5236 luce
766 5178 825 5249 ipsa
837 5173 1007 5242 clarioribus,
1023 5186 1092 5245 prae-
1141 5175 1213 5233 bium
1225 5175 1323 5239 lacere,
1339 5178 1386 5226 aut
1395 5168 1606 5234 obscurare,aut
1619 5179 1719 5237 negare
1730 5163 1856 5237 malignis
1867 5167 1937 5222 arti·

294 5289 387 5346 buisse
398 5282 554 5339 adsensum.
1139 5267 1191 5323 bus
1206 5281 1261 5323 nott
1273 5258 1489 5320 cottonianum
1503 5259 1602 5315 mirum
1617 5257 1707 5328 itaque
1719 5257 1741 5311 sl
1752 5255 1860 5328 quidam
1875 5268 1938 5328 post

331 5380 468 5438 hrrtohius
491 5372 700 5449 porroRotnae.
724 5382 803 5440 urtam
831 5374 941 5438 propter
955 5376 1088 5422 summum
1139 5358 1251 5426 Christi,
1274 5357 1522 5428 discipulorumque
1535 5354 1595 5424 ejus
1623 5360 1749 5418 ntottem,
1763 5350 1870 5408 illorum
1884 5353 1935 5408 nti·

296 5492 375 5533 sunm
389 5473 533 5546 inlperinm
558 5468 688 5523 dominnm
699 5471 791 5527 uocat,
805 5462 944 5517 mentione
959 5459 1040 5525 lacta,
1056 5456 1089 5514 il·
1139 5454 1243 5520 nacula,
1251 5450 1357 5508 tametsi
1368 5463 1459 5505 eoram
1474 5445 1585 5502 inllnitis
1597 5457 1681 5515 propa
1688 5442 1934 5510 modumethnieis,

295 5567 343 5625 lud
366 5564 493 5638 proponit
511 5558 683 5624 miraculum,
708 5570 762 5628 quo
777 5554 875 5611 Petrus
901 5554 1041 5626 apostolus
1055 5551 1090 5608 de
1139 5560 1167 5607 et
1181 5550 1207 5605 in
1218 5561 1312 5605 ennam
1322 5547 1437 5619 gratiam
1450 5541 1720 5607 edita,inlirmnreac
1734 5553 1833 5608 negm
1846 5545 1935 5593 tenta-

295 5665 434 5731 prostrato
446 5653 557 5711 Simone
573 5665 653 5721 uorago
667 5645 849 5716 triumphasse
869 5644 1087 5715 perhibebatur:
1140 5645 1237 5701 verim
1256 5640 1449 5697 Verumtamen
1462 5633 1563 5692 ethnici
1580 5631 1666 5702 primo
1686 5630 1817 5688 Ecclesia
1836 5639 1936 5686 nostrae

299 5770 309 5804 ι
326 5750 489 5812 videramus
506 5747 543 5801 ait
553 5741 663 5816 (tlte),
682 5756 812 5799 «comum
825 5738 946 5797 Sitnoois
962 5739 1047 5808 magi,
1062 5745 1091 5795 et
1140 5734 1279 5796 nascetrtis
1295 5744 1419 5806 tempore
1431 5740 1472 5788 tot
1483 5740 1611 5800 mumque
1622 5725 1762 5792 miracula,
1774 5736 1828 5780 tam
1842 5725 1935 5793 certis,

293 5842 441 5915 quadrigas
461 5838 554 5908 igneas
567 5835 654 5908 ,Petri
673 5849 723 5891 ore
738 5823 885 5899 dumus(
896 5839 925 5888 et
936 5816 1089 5890 'nominato
1140 5824 1544 5904 quaminuumerisoondrmata
1551 5817 1936 5890 testibuslalsitatisarguere,
